@article{Aerts.1997,
  title = {Nutritional and Plant-Mediated Controls on Leaf Litter Decomposition of {{{\emph{Carex}}}} Species},
  author = {Aerts, Rien and {de Caluwe}, Hannie},
  year = {1997},
  month = jan,
  journal = {Ecology},
  volume = {78},
  number = {1},
  pages = {244--260},
  issn = {0012-9658},
  doi = {10.1890/0012-9658(1997)078[0244:NAPMCO]2.0.CO;2},
  urldate = {2021-04-30},
  langid = {english}
}

@article{Aerts.1999,
  title = {Plant-Mediated Controls on Nutrient Cycling in Temperate Fens and Bogs},
  author = {Aerts, R. and Verhoeven, J. T A. and Whigham, D. F.},
  year = {1999},
  month = oct,
  journal = {Ecology},
  volume = {80},
  number = {7},
  pages = {2170--2181},
  issn = {0012-9658},
  doi = {10.1890/0012-9658(1999)080[2170:PMCONC]2.0.CO;2},
  urldate = {2021-04-28},
  langid = {english}
}

@article{Aerts.2006,
  title = {Nitrogen Supply Differentially Affects Litter Decomposition Rates and Nitrogen Dynamics of Sub-Arctic Bog Species},
  author = {Aerts, R. and van Logtestijn, R. S. P. and Karlsson, P. S.},
  year = {2006},
  month = jan,
  journal = {Oecologia},
  volume = {146},
  number = {4},
  pages = {652--658},
  issn = {1432-1939},
  doi = {10.1007/s00442-005-0247-5}
}

@article{Aerts.2012,
  title = {Seasonal Climate Manipulations Have Only Minor Effects on Litter Decomposition Rates and {{N}} Dynamics but Strong Effects on Litter {{P}} Dynamics of Sub-Arctic Bog Species},
  author = {Aerts, R. and Callaghan, T. V. and Dorrepaal, E. and {van Logtestijn}, R. S. P. and Cornelissen, J. H. C.},
  year = {2012},
  month = nov,
  journal = {Oecologia},
  volume = {170},
  number = {3},
  pages = {809--819},
  issn = {0029-8549, 1432-1939},
  doi = {10.1007/s00442-012-2330-z},
  urldate = {2023-01-12},
  langid = {english}
}

@article{Andersen.2013,
  title = {Above-Ground Net Primary Production from Vascular Plants Shifts the Balance towards Organic Matter Accumulation in Restored {{{\emph{Sphagnum}}}} Bogs},
  author = {Andersen, Roxane and Pouliot, R{\'e}my and Rochefort, Line},
  year = {2013},
  month = oct,
  journal = {Wetlands},
  volume = {33},
  number = {5},
  pages = {811--821},
  issn = {0277-5212, 1943-6246},
  doi = {10.1007/s13157-013-0438-5},
  urldate = {2023-01-13},
  langid = {english}
}

@article{Appleby.2008,
  title = {Three Decades of Dating Recent Sediments by Fallout Radionuclides: A Review},
  shorttitle = {Three Decades of Dating Recent Sediments by Fallout Radionuclides},
  author = {Appleby, P.G.},
  year = {2008},
  month = jan,
  journal = {The Holocene},
  volume = {18},
  number = {1},
  pages = {83--93},
  issn = {0959-6836, 1477-0911},
  doi = {10.1177/0959683607085598},
  urldate = {2023-09-19},
  langid = {english}
}

@article{Arias-Ortiz.2018,
  title = {Reviews and Syntheses: {\textsuperscript{210}}{{Pb-derived}} Sediment and Carbon Accumulation Rates in Vegetated Coastal Ecosystems -- Setting the Record Straight},
  shorttitle = {Reviews and Syntheses},
  author = {{Arias-Ortiz}, Ariane and Masqu{\'e}, Pere and {Garcia-Orellana}, Jordi and Serrano, Oscar and Mazarrasa, In{\'e}s and Marb{\`a}, N{\'u}ria and Lovelock, Catherine E. and Lavery, Paul S. and Duarte, Carlos M.},
  year = {2018},
  month = nov,
  journal = {Biogeosciences},
  volume = {15},
  number = {22},
  pages = {6791--6818},
  issn = {1726-4189},
  doi = {10.5194/bg-15-6791-2018},
  urldate = {2023-03-07},
  langid = {english}
}

@article{Arp.1999,
  title = {The Effects of Acid Rock Drainage on {{{\emph{Carex}}}}{\emph{ Aquatilis}} Leaf Litter Decomposition in Rocky {{Mountain}} Fens},
  author = {Arp, Christopher D. and Cooper, David J. and Stednick, John D.},
  year = {1999},
  month = sep,
  journal = {Wetlands},
  volume = {19},
  number = {3},
  pages = {665--674},
  issn = {1943-6246},
  doi = {10.1007/BF03161703}
}

@article{Asada.2004,
  title = {{\emph{Sphagnum}} Invasion after Clear-Cutting and Excavator Mounding in a Hypermaritime Forest of {{British Columbia}}},
  author = {Asada, Taro and Warner, Barry G and Banner, Allen},
  year = {2004},
  month = aug,
  journal = {Canadian Journal of Forest Research},
  volume = {34},
  number = {8},
  pages = {1730--1746},
  publisher = {NRC Research Press},
  issn = {0045-5067},
  doi = {10.1139/x04-042},
  urldate = {2023-01-03}
}

@article{Asada.2005b,
  title = {Surface {{Peat Mass}} and {{Carbon Balance}} in a {{Hypermaritime Peatland}}},
  author = {Asada, Taro and Warner, Barry G.},
  year = {2005},
  month = mar,
  journal = {Soil Science Society of America Journal},
  volume = {69},
  number = {2},
  pages = {549--562},
  publisher = {John Wiley \& Sons, Ltd},
  issn = {0361-5995},
  doi = {10.2136/sssaj2005.0549},
  urldate = {2023-01-04}
}

@article{Asif.2021,
  title = {Litter Mixing Effects on Decomposition in a Peatland Partially Drained 30 Years Ago},
  author = {Asif, Talal and Naeem, Iqra and Bu, Zhao-Jun and Mallik, Azim and Ma, Jin-Ze and Rochefort, Line},
  year = {2021},
  month = dec,
  journal = {Wetlands Ecology and Management},
  volume = {29},
  number = {6},
  pages = {883--895},
  issn = {0923-4861, 1572-9834},
  doi = {10.1007/s11273-021-09818-4},
  urldate = {2023-01-17},
  langid = {english}
}

@article{Babinski.2019,
  title = {Are the Wooden Remains of the {{Lusatian}} Culture Settlement at {{Biskupin}} Safe? {{Decomposition}} of Archaeological Oak Wood Samples during a 10-Year Experiment},
  shorttitle = {Are the Wooden Remains of the {{Lusatian}} Culture Settlement at {{Biskupin}} Safe?},
  author = {Babi{\'n}ski, Leszek and Zborowska, Magdalena and Fabisiak, Ewa and Pr{\k a}dzy{\'n}ski, W{\l}odzimierz},
  year = {2019},
  month = dec,
  journal = {Archaeological and Anthropological Sciences},
  volume = {11},
  number = {12},
  pages = {6583--6594},
  issn = {1866-9557, 1866-9565},
  doi = {10.1007/s12520-019-00926-0},
  urldate = {2023-01-13},
  langid = {english}
}

@article{Bambalov.2007,
  title = {The Lignin Content in Virgin and Cultivated Peat Soils of {{Belarussian}} Poles'e},
  author = {Bambalov, N. N.},
  year = {2007},
  month = nov,
  journal = {Eurasian Soil Science},
  volume = {40},
  number = {11},
  pages = {1175--1180},
  issn = {1556-195X},
  doi = {10.1134/S106422930711004X}
}

@article{Barel.2021,
  title = {Come Rain, Come Shine: {{Peatland}} Carbon Dynamics Shift under Extreme Precipitation},
  shorttitle = {Come {{Rain}}, {{Come Shine}}},
  author = {Barel, Janna M. and Moulia, Vincent and Hamard, Samuel and Sytiuk, Anna and Jassey, Vincent E. J.},
  year = {2021},
  month = jun,
  journal = {Frontiers in Environmental Science},
  volume = {9},
  pages = {659953},
  issn = {2296-665X},
  doi = {10.3389/fenvs.2021.659953},
  urldate = {2023-01-13}
}

@article{Barlocher.1997,
  title = {Pitfalls of Traditional Techniques When Studying Decomposition of Vascular Plant Remains in Aquatic Habitats},
  author = {B{\"a}rlocher, F},
  year = {1997},
  journal = {Limnetica},
  volume = {13},
  number = {2},
  pages = {1--11}
}

@article{Bartsch.1985,
  title = {A Preliminary Investigation of Primary Production and Decomposition in Four Peatlands near {{Schefferville}}, {{Qu{\'e}bec}}},
  author = {Bartsch, I. and Moore, T. R.},
  year = {1985},
  month = jul,
  journal = {Canadian Journal of Botany},
  volume = {63},
  number = {7},
  pages = {1241--1248},
  publisher = {NRC Research Press},
  issn = {0008-4026},
  doi = {10.1139/b85-171},
  urldate = {2022-12-25}
}

@article{Batistel.2021,
  title = {Salinity Exerted Little Effect on Decomposition of Emergent Macrophytes in Coastal Peatlands},
  author = {Batistel, Cheryl C. and Jurasinski, Gerald and Schubert, Hendrik},
  year = {2021},
  month = oct,
  journal = {Aquatic Botany},
  volume = {175},
  pages = {103446},
  issn = {03043770},
  doi = {10.1016/j.aquabot.2021.103446},
  urldate = {2023-01-13},
  langid = {english}
}

@article{Bauer.2004,
  title = {Modelling Effects of Litter Quality and Environment on Peat Accumulation over Different Time-Scales: {{Peat}} Accumulation over Different Time-Scales},
  shorttitle = {Modelling Effects of Litter Quality and Environment on Peat Accumulation over Different Time-Scales},
  author = {Bauer, Ilka E.},
  year = {2004},
  month = aug,
  journal = {Journal of Ecology},
  volume = {92},
  number = {4},
  pages = {661--674},
  issn = {00220477},
  doi = {10.1111/j.0022-0477.2004.00905.x},
  urldate = {2021-07-28},
  langid = {english}
}

@article{Bayley.2004,
  title = {Plant Community Structure and Functional Differences between Marshes and Fens in the Southern Boreal Region of {{Alberta}}, {{Canada}}},
  author = {Bayley, Suzanne E. and Mewhort, Randi L.},
  year = {2004},
  month = jun,
  journal = {Wetlands},
  volume = {24},
  number = {2},
  pages = {277--294},
  issn = {1943-6246},
  doi = {10.1672/0277-5212(2004)024[0277:PCSAFD]2.0.CO;2}
}

@article{Bayley.2005,
  title = {Nitrogen Mineralization and Decomposition in Western Boreal Bog and Fen Peat},
  author = {Bayley, Suzanne E. and Thormann, Markus N. and Szumigalski, Anthony R.},
  year = {2005},
  month = jan,
  journal = {{\'E}coscience},
  volume = {12},
  number = {4},
  pages = {455--465},
  publisher = {Taylor \& Francis},
  issn = {1195-6860},
  doi = {10.2980/i1195-6860-12-4-455.1}
}

@article{Beaulne.2021,
  title = {Peat Deposits Store More Carbon than Trees in Forested Peatlands of the Boreal Biome},
  author = {Beaulne, Joannie and Garneau, Michelle and Magnan, Gabriel and Boucher, {\'E}tienne},
  year = {2021},
  month = jan,
  journal = {Scientific Reports},
  volume = {11},
  number = {1},
  pages = {2657},
  issn = {2045-2322},
  doi = {10.1038/s41598-021-82004-x},
  urldate = {2024-10-22},
  langid = {english}
}

@article{Bechtold.2019,
  title = {{{PEAT}}-{{CLSM}}: {{A}} Specific Treatment of Peatland Hydrology in the {{NASA Catchment Land Surface Model}}},
  shorttitle = {{{PEAT}}-{{CLSM}}},
  author = {Bechtold, M. and De Lannoy, G. J. M. and Koster, R. D. and Reichle, R. H. and Mahanama, S. P. and Bleuten, W. and Bourgault, M. A. and Br{\"u}mmer, C. and Burdun, I. and Desai, A. R. and Devito, K. and Gr{\"u}nwald, T. and Grygoruk, M. and Humphreys, E. R. and Klatt, J. and Kurbatova, J. and Lohila, A. and Munir, T. M. and Nilsson, M. B. and Price, J. S. and R{\"o}hl, M. and Schneider, A. and Tiemeyer, B.},
  year = {2019},
  month = jul,
  journal = {Journal of Advances in Modeling Earth Systems},
  volume = {11},
  number = {7},
  pages = {2130--2162},
  issn = {1942-2466, 1942-2466},
  doi = {10.1029/2018MS001574},
  urldate = {2024-10-08},
  langid = {english}
}

@article{Beer.2007,
  title = {Transport and Thermodynamics Constrain Belowground Carbon Turnover in a Northern Peatland},
  author = {Beer, Julia and Blodau, Christian},
  year = {2007},
  month = jun,
  journal = {Geochimica et Cosmochimica Acta},
  volume = {71},
  number = {12},
  pages = {2989--3002},
  issn = {00167037},
  doi = {10.1016/j.gca.2007.03.010},
  urldate = {2024-02-18},
  langid = {english}
}

@article{Bell.2018,
  title = {Sensitivity of Peatland Litter Decomposition to Changes in Temperature and Rainfall},
  author = {Bell, Michael C. and Ritson, Jonathan P. and Verhoef, Anne and Brazier, Richard E. and Templeton, Michael R. and Graham, Nigel J.D. and Freeman, Chris and Clark, Joanna M.},
  year = {2018},
  month = dec,
  journal = {Geoderma},
  volume = {331},
  pages = {29--37},
  issn = {00167061},
  doi = {10.1016/j.geoderma.2018.06.002},
  urldate = {2023-01-13},
  langid = {english}
}

@article{Belyea.1996,
  title = {Separating the Effects of Litter Quality and Microenvironment on Decomposition Rates in a Patterned Peatland},
  author = {Belyea, Lisa R.},
  year = {1996},
  journal = {Oikos},
  volume = {77},
  number = {3},
  eprint = {3545942},
  eprinttype = {jstor},
  pages = {529--539},
  publisher = {[Nordic Society Oikos, Wiley]},
  issn = {00301299, 16000706},
  doi = {10.2307/3545942},
  urldate = {2022-12-15}
}

@article{Belyea.2001,
  title = {Feedback Control of the Rate of Peat Formation},
  author = {Belyea, Lisa R. and Clymo, R. S.},
  year = {2001},
  month = jun,
  journal = {Proceedings of the Royal Society of London. Series B: Biological Sciences},
  volume = {268},
  number = {1473},
  pages = {1315--1321},
  publisher = {Royal Society},
  doi = {10.1098/rspb.2001.1665},
  urldate = {2022-12-14}
}

@article{Bengtsson.2016,
  title = {Photosynthesis, Growth, and Decay Traits in {{{\emph{Sphagnum}}}} -- a Multispecies Comparison},
  author = {Bengtsson, Fia and Granath, Gustaf and Rydin, H{\aa}kan},
  year = {2016},
  month = may,
  journal = {Ecology and Evolution},
  volume = {6},
  number = {10},
  pages = {3325--3341},
  publisher = {John Wiley \& Sons, Ltd},
  issn = {2045-7758},
  doi = {10.1002/ece3.2119},
  urldate = {2022-12-15}
}

@misc{Bengtsson.2017,
  title = {Data from: {{Photosynthesis}}, Growth, and Decay Traits in {{{\emph{Sphagnum}}}} -- a Multispecies Comparison},
  shorttitle = {Data From},
  author = {Bengtsson, Fia and Granath, Gustaf and Rydin, H{\aa}kan},
  year = {2017},
  pages = {83493 bytes},
  publisher = {Dryad},
  doi = {10.5061/DRYAD.62054},
  urldate = {2022-12-15},
  copyright = {Creative Commons Zero v1.0 Universal},
  langid = {english}
}

@article{Bengtsson.2018,
  title = {Biochemical Determinants of Litter Quality in 15 Species of {{{\emph{Sphagnum}}}}},
  author = {Bengtsson, Fia and Rydin, H{\aa}kan and H{\'a}jek, Tom{\'a}{\v s}},
  year = {2018},
  month = apr,
  journal = {Plant and Soil},
  volume = {425},
  number = {1-2},
  pages = {161--176},
  issn = {0032-079X, 1573-5036},
  doi = {10.1007/s11104-018-3579-8},
  urldate = {2021-06-01},
  langid = {english}
}

@misc{Bengtsson.2018a,
  title = {Data from: {{Biochemical}} Determinants of Litter Quality in 15 Species of {{{\emph{Sphagnum}}}}},
  shorttitle = {Data From},
  author = {Bengtsson, Fia and Rydin, H{\aa}kan and H{\'a}jek, Tom{\'a}{\v s}},
  year = {2018},
  pages = {126029 bytes},
  publisher = {Dryad},
  doi = {10.5061/DRYAD.4F8D2},
  urldate = {2022-12-15},
  copyright = {Creative Commons Zero v1.0 Universal},
  langid = {english}
}

@article{Bengtsson.2019,
  title = {Correction to: {{Biochemical}} Determinants of Litter Quality in 15 Species of {{{\emph{Sphagnum}}}}},
  author = {Bengtsson, Fia and Rydin, H{\aa}kan and H{\'a}jek, Tom{\'a}{\v s}},
  year = {2019},
  month = jun,
  journal = {Plant and Soil},
  volume = {439},
  number = {1},
  pages = {569--572},
  issn = {1573-5036},
  doi = {10.1007/s11104-019-04046-5}
}

@misc{Bengtsson.2020,
  title = {Environmental Drivers of {{{\emph{Sphagnum}}}} Growth in Peatlands across the {{Holarctic}} Region},
  author = {Bengtsson, Fia and Rydin, H{\aa}kan and Baltzer, Jennifer and Bragazza, Luca and Bu, Zhao-Jun and Caporn, Simon and Dorrepaal, Ellen and Flatberg, Kjell Ivar and Galanina, Olga and Ga{\l}ka, Mariusz and Ganeva, Anna and Goia, Irina and Goncharova, Nadezhda and Hajek, Michal and Haraguchi, Akira and Harris, Lorna and Humphreys, Elyn and Jirou{\v s}ek, Martin and Kajuka{\l}o, Katarzyna and Karofeld, Edgar and Koronatova, Natalia and Kosykh, Natalia and Laine, Anna and Lamentowicz, Mariusz and Lapshina, Elena and Limpens, Juul and Linkosalmi, Maiju and Ma, Jinze and Mauritz, Marguerite and Mitchell, Edward and Munir, Tariq and Natali, Susan and Natcheva, Rayna and Philippov, Dmitriy and Rice, Steven and Robinson, Sean and Robroek, Bjorn and Rochefort, Line and Singer, David and Sten{\o}ien, Hans and Tuittila, Eeva-Stiina and Vellak, Kai and Waddington, (James) Mike and Granath, Gustaf and Payne, Richard J.},
  year = {2020},
  pages = {687924 bytes},
  publisher = {Dryad},
  doi = {10.5061/DRYAD.1NS1RN8RM},
  urldate = {2023-04-24},
  copyright = {Creative Commons Zero v1.0 Universal},
  langid = {english}
}

@article{Bengtsson.2021,
  title = {Environmental Drivers of {{{\emph{Sphagnum}}}} Growth in Peatlands across the {{Holarctic}} Region},
  author = {Bengtsson, Fia and Rydin, H{\aa}kan and Baltzer, Jennifer L. and Bragazza, Luca and Bu, Zhao-Jun and Caporn, Simon J. M. and Dorrepaal, Ellen and Flatberg, Kjell Ivar and Galanina, Olga and Ga{\l}ka, Mariusz and Ganeva, Anna and Goia, Irina and Goncharova, Nadezhda and H{\'a}jek, Michal and Haraguchi, Akira and Harris, Lorna I. and Humphreys, Elyn and Jirou{\v s}ek, Martin and Kajuka{\l}o, Katarzyna and Karofeld, Edgar and Koronatova, Natalia G. and Kosykh, Natalia P. and Laine, Anna M. and Lamentowicz, Mariusz and Lapshina, Elena and Limpens, Juul and Linkosalmi, Maiju and Ma, Jin-Ze and Mauritz, Marguerite and Mitchell, Edward A. D. and Munir, Tariq M. and Natali, Susan M. and Natcheva, Rayna and Payne, Richard J. and Philippov, Dmitriy A. and Rice, Steven K. and Robinson, Sean and Robroek, Bjorn J. M. and Rochefort, Line and Singer, David and Sten{\o}ien, Hans K. and Tuittila, Eeva-Stiina and Vellak, Kai and Waddington, James Michael and Granath, Gustaf},
  editor = {Aerts, Rien},
  year = {2021},
  month = jan,
  journal = {Journal of Ecology},
  volume = {109},
  number = {1},
  pages = {417--431},
  issn = {0022-0477, 1365-2745},
  doi = {10.1111/1365-2745.13499},
  urldate = {2023-04-24},
  langid = {english}
}

@article{Berg.1984,
  title = {Decomposition of Mass Litter in a Mature Scots Pine Forest},
  author = {Berg, B},
  year = {1984},
  journal = {Pedobiologia (Jena)},
  volume = {26},
  number = {5},
  pages = {301--308}
}

@article{Bernacchi.2001,
  title = {Improved Temperature Response Functions for Models of {{Rubisco}}-limited Photosynthesis},
  author = {Bernacchi, C. J. and Singsaas, E. L. and Pimentel, C. and Portis Jr, A. R. and Long, S. P.},
  year = {2001},
  month = feb,
  journal = {Plant, Cell \& Environment},
  volume = {24},
  number = {2},
  pages = {253--259},
  issn = {0140-7791, 1365-3040},
  doi = {10.1111/j.1365-3040.2001.00668.x},
  urldate = {2024-02-27},
  langid = {english}
}

@article{Berube.2018,
  title = {Production and Decomposition Rates of Different Fen Species as Targets for Restoration},
  author = {B{\'e}rub{\'e}, Vicky and Rochefort, Line},
  year = {2018},
  month = aug,
  journal = {Ecological Indicators},
  volume = {91},
  pages = {105--115},
  issn = {1470160X},
  doi = {10.1016/j.ecolind.2018.03.069},
  urldate = {2023-01-13},
  langid = {english}
}

@misc{Bhuiyan.2022,
  title = {Fine-Root Biomass Production, Sedge Root, Sedge Leaf, and Moss Shoot Decomposition, Soil Water-Table Level, and Temperature Data from Two Sedge Fens in {{Finland}}},
  author = {Bhuiyan, Rabbil and M{\"a}kiranta, P{\"a}ivi and Strakov{\'a}, Petra and Fritze, Hannu and Minkkinen, Kari and Penttil{\"a}, Timo and Tuittila, Eeva-Stiina and Laiho, Raija},
  year = {2022},
  month = nov,
  publisher = {Zenodo},
  doi = {10.5281/ZENODO.7193829},
  urldate = {2023-01-13},
  copyright = {Creative Commons Attribution 4.0 International, Open Access}
}

@article{Blaauw.2020,
  title = {A Review of Statistics in Palaeoenvironmental Research},
  author = {Blaauw, Maarten and Christen, J. Andr{\'e}s and {Aquino-L{\'o}pez}, Marco Antonio},
  year = {2020},
  month = mar,
  journal = {Journal of Agricultural, Biological and Environmental Statistics},
  volume = {25},
  number = {1},
  pages = {17--31},
  issn = {1085-7117, 1537-2693},
  doi = {10.1007/s13253-019-00374-2},
  urldate = {2024-10-08},
  langid = {english}
}

@article{Blodau.2003,
  title = {Experimental Response of Peatland Carbon Dynamics to a Water Table Fluctuation},
  author = {Blodau, Christian and Moore, Tim R.},
  year = {2003},
  month = mar,
  journal = {Aquatic Sciences - Research Across Boundaries},
  volume = {65},
  number = {1},
  pages = {47--62},
  issn = {1015-1621, 1420-9055},
  doi = {10.1007/s000270300004},
  urldate = {2024-02-16}
}

@article{Blodau.2004,
  title = {Carbon Turnover in Peatland Mesocosms Exposed to Different Water Table Levels},
  author = {Blodau, Christian and Basiliko, Nathan and Moore, Tim R.},
  year = {2004},
  month = feb,
  journal = {Biogeochemistry},
  volume = {67},
  number = {3},
  pages = {331--351},
  issn = {0168-2563},
  doi = {10.1023/B:BIOG.0000015788.30164.e2},
  urldate = {2024-02-16},
  langid = {english}
}

@article{Bokhorst.2013,
  title = {Microclimate within Litter Bags of Different Mesh Size: {{Implications}} for the `Arthropod Effect' on Litter Decomposition},
  shorttitle = {Microclimate within Litter Bags of Different Mesh Size},
  author = {Bokhorst, Stef and Wardle, David A.},
  year = {2013},
  month = mar,
  journal = {Soil Biology and Biochemistry},
  volume = {58},
  pages = {147--152},
  issn = {00380717},
  doi = {10.1016/j.soilbio.2012.12.001},
  urldate = {2024-09-08},
  copyright = {https://www.elsevier.com/tdm/userlicense/1.0/},
  langid = {english}
}

@article{Bona.2018,
  title = {A Peatland Productivity and Decomposition Parameter Database},
  author = {Bona, Kelly Ann and Hilger, Arlene and Burgess, Magdalena and Wozney, Nicole and Shaw, Cindy},
  year = {2018},
  month = oct,
  journal = {Ecology},
  volume = {99},
  number = {10},
  pages = {2406--2406},
  issn = {00129658},
  doi = {10.1002/ecy.2462},
  urldate = {2021-04-28},
  langid = {english}
}

@article{Bona.2020,
  title = {The {{Canadian}} Model for Peatlands ({{CaMP}}): {{A}} Peatland Carbon Model for National Greenhouse Gas Reporting},
  shorttitle = {The {{Canadian}} Model for Peatlands ({{CaMP}})},
  author = {Bona, Kelly Ann and Shaw, Cindy and Thompson, Dan K. and Hararuk, Oleksandra and Webster, Kara and Zhang, Gary and Voicu, Mihai and Kurz, Werner A.},
  year = {2020},
  month = sep,
  journal = {Ecological Modelling},
  volume = {431},
  pages = {109164},
  issn = {03043800},
  doi = {10.1016/j.ecolmodel.2020.109164},
  urldate = {2023-11-29},
  langid = {english}
}

@article{Braekke.1990,
  title = {Decomposition of Cellulose in Litter Layer and Surface Peat of Low-shrub Pine Bogs},
  author = {Br{\ae}kke, Finn H. and Fin{\'e}r, Leena},
  year = {1990},
  month = jan,
  journal = {Scandinavian Journal of Forest Research},
  volume = {5},
  number = {1-4},
  pages = {297--310},
  issn = {0282-7581, 1651-1891},
  doi = {10.1080/02827589009382614},
  urldate = {2023-01-17},
  langid = {english}
}

@article{Bragazza.2007,
  title = {Mass Loss and Nutrient Release during Litter Decay in Peatland: {{The}} Role of Microbial Adaptability to Litter Chemistry},
  author = {Bragazza, L and Siffi, C and Iacumin, P and Gerdol, R},
  year = {2007},
  journal = {Soil Biology},
  volume = {39},
  number = {1},
  pages = {11},
  doi = {10.1016/j.soilbio.2006.07.014},
  langid = {english}
}

@article{Bragazza.2009,
  title = {Seasonal Variation in Carbon Isotopic Composition of Bog Plant Litter during 3 Years of Field Decomposition},
  author = {Bragazza, Luca and Iacumin, Paola},
  year = {2009},
  month = nov,
  journal = {Biology and Fertility of Soils},
  volume = {46},
  number = {1},
  pages = {73--77},
  issn = {0178-2762, 1432-0789},
  doi = {10.1007/s00374-009-0406-7},
  urldate = {2022-04-26},
  langid = {english}
}

@article{Bragazza.2010,
  title = {Seasonal Variation in Nitrogen Isotopic Composition of Bog Plant Litter during 3 Years of Field Decomposition},
  author = {Bragazza, Luca and Iacumin, Paola and Siffi, Chiara and Gerdol, Renato},
  year = {2010},
  month = oct,
  journal = {Biology and Fertility of Soils},
  volume = {46},
  number = {8},
  pages = {877--881},
  issn = {0178-2762, 1432-0789},
  doi = {10.1007/s00374-010-0483-7},
  urldate = {2022-04-26},
  langid = {english}
}

@article{Breeuwer.2008,
  title = {The Effect of Increased Temperature and Nitrogen Deposition on Decomposition in Bogs},
  author = {Breeuwer, Angela and Heijmans, Monique and Robroek, Bjorn J. M. and Limpens, Juul and Berendse, Frank},
  year = {2008},
  month = aug,
  journal = {Oikos},
  volume = {117},
  number = {8},
  pages = {1258--1268},
  issn = {00301299},
  doi = {10.1111/j.0030-1299.2008.16518.x},
  urldate = {2023-01-09},
  langid = {english}
}

@article{Bridgham.1991,
  title = {Cellulose Decay in Natural and Disturbed Peatlands in {{North Carolina}}},
  author = {Bridgham, Scott D. and Richardson, Curtis J. and Maltby, Edward and Faulkner, Stephen P.},
  year = {1991},
  month = jul,
  journal = {Journal of Environmental Quality},
  volume = {20},
  number = {3},
  pages = {695--701},
  publisher = {John Wiley \& Sons, Ltd},
  issn = {0047-2425},
  doi = {10.2134/jeq1991.00472425002000030032x},
  urldate = {2022-12-28}
}

@article{Britton.1976,
  title = {Relationships of Photosynthetically Active Radiation and Shortwave Irradiance},
  author = {Britton, C.M. and Dodd, J.D.},
  year = {1976},
  month = jul,
  journal = {Agricultural Meteorology},
  volume = {17},
  number = {1},
  pages = {1--7},
  issn = {00021571},
  doi = {10.1016/0002-1571(76)90080-7},
  urldate = {2023-10-05},
  langid = {english}
}

@article{Brooks.1985,
  title = {Effect of Temperature on the {{CO}}{\textsubscript{2}}/{{O}}{\textsubscript{2}} Specificity of Ribulose-1,5-Bisphosphate Carboxylase/Oxygenase and the Rate of Respiration in the Light: {{Estimates}} from Gas-Exchange Measurements on Spinach},
  shorttitle = {Effect of Temperature on the {{CO2}}/{{O2}} Specificity of Ribulose-1,5-Bisphosphate Carboxylase/Oxygenase and the Rate of Respiration in the Light},
  author = {Brooks, A. and Farquhar, G. D.},
  year = {1985},
  journal = {Planta},
  volume = {165},
  number = {3},
  pages = {397--406},
  issn = {0032-0935, 1432-2048},
  doi = {10.1007/BF00392238},
  urldate = {2023-11-15},
  langid = {english}
}

@misc{Burkner.2023,
  title = {{{posterior}}: {{Tools}} for Working with Posterior Distributions},
  author = {B{\"u}rkner, Paul-Christian and Gabry, Jonah and Kay, Matthew and Vehtari, Aki},
  year = {2023}
}

@article{Campeau.2021,
  title = {Autumn Destabilization of Deep Porewater {{CO}}{\textsubscript{2}} Store in a Northern Peatland Driven by Turbulent Diffusion},
  author = {Campeau, A. and Vachon, D. and Bishop, K. and Nilsson, M. B. and Wallin, M. B.},
  year = {2021},
  month = nov,
  journal = {Nature Communications},
  volume = {12},
  number = {1},
  pages = {6857},
  issn = {2041-1723},
  doi = {10.1038/s41467-021-27059-0},
  urldate = {2024-02-16},
  langid = {english}
}

@misc{Campeau.2021a,
  title = {Data from Study on Autumn Destabilization of Deep Porewater {{CO}}{\textsubscript{2}} Store in a Northern Peatland Driven by Turbulent Diffusion},
  shorttitle = {Dataupps{\"a}ttning F{\"o}r Forskningsartikel},
  author = {Campeau, Audrey},
  year = {2021},
  month = oct,
  pages = {9.8 MiB, 44 variables},
  publisher = {Swedish University of Agricultural Sciences},
  doi = {10.5878/GGDT-EW12},
  urldate = {2024-02-17},
  collaborator = {Wallin, Marcus and Bishop, Kevin and Vachon, Dominic and Nilsson, Mats},
  langid = {english}
}

@article{Carroll.2015,
  title = {Hydrologically Driven Ecosystem Processes Determine the Distribution and Persistence of Ecosystem-Specialist Predators under Climate Change},
  author = {Carroll, Matthew J. and Heinemeyer, Andreas and {Pearce-Higgins}, James W. and Dennis, Peter and West, Chris and Holden, Joseph and Wallage, Zoe E. and Thomas, Chris D.},
  year = {2015},
  month = jul,
  journal = {Nature Communications},
  volume = {6},
  number = {1},
  pages = {7851},
  issn = {2041-1723},
  doi = {10.1038/ncomms8851},
  urldate = {2024-08-20},
  langid = {english}
}

@article{Castells.2005,
  title = {Effects of {{Plant Leachates}} from {{Four Boreal Understorey Species}} on {{Soil N Mineralization}}, and {{White Spruce}} ({{Picea}} Glauca) {{Germination}} and {{Seedling Growth}}},
  author = {Castells, Eva and Pe{\~n}uelas, Josep and Valentine, David W.},
  year = {2005},
  month = jun,
  journal = {Annals of Botany},
  volume = {95},
  number = {7},
  pages = {1247--1252},
  issn = {1095-8290, 0305-7364},
  doi = {10.1093/aob/mci139},
  urldate = {2023-11-21},
  langid = {english}
}

@article{Chadburn.2022,
  title = {A New Approach to Simulate Peat Accumulation, Degradation and Stability in a Global Land Surface Scheme ({{JULES}} Vn5.8\_accumulate\_soil) for Northern and Temperate Peatlands},
  author = {Chadburn, Sarah E. and Burke, Eleanor J. and {Gallego-Sala}, Angela V. and Smith, Noah D. and {Bret-Harte}, M. Syndonia and Charman, Dan J. and Drewer, Julia and Edgar, Colin W. and Euskirchen, Eugenie S. and Fortuniak, Krzysztof and Gao, Yao and Nakhavali, Mahdi and Pawlak, W{\l}odzimierz and Schuur, Edward A. G. and Westermann, Sebastian},
  year = {2022},
  month = feb,
  journal = {Geoscientific Model Development},
  volume = {15},
  number = {4},
  pages = {1633--1657},
  issn = {1991-9603},
  doi = {10.5194/gmd-15-1633-2022},
  urldate = {2022-11-05},
  langid = {english}
}

@article{Chaudhary.2018,
  title = {Biotic and Abiotic Drivers of Peatland Growth and Microtopography: {{A}} Model Demonstration},
  author = {Chaudhary, Nitin and Miller, Paul A. and Smith, Benjamin},
  year = {2018},
  month = sep,
  journal = {Ecosystems},
  volume = {21},
  number = {6},
  pages = {1196--1214},
  issn = {1435-0629},
  doi = {10.1007/s10021-017-0213-1}
}

@article{Clymo.1998,
  title = {Carbon Accumulation in Peatland},
  author = {Clymo, R. S. and Turunen, J. and Tolonen, K.},
  year = {1998},
  journal = {Oikos},
  volume = {81},
  number = {2},
  eprint = {3547057},
  eprinttype = {jstor},
  pages = {368--388},
  publisher = {[Nordic Society Oikos, Wiley]},
  issn = {00301299, 16000706},
  doi = {10.2307/3547057},
  urldate = {2022-11-30}
}

@article{Corteselli.2017,
  title = {Leaf Litter Fuels Methanogenesis throughout Decomposition in a Forested Peatland},
  author = {Corteselli, Elizabeth M. and Burtis, James C. and Heinz, Alexis K. and Yavitt, Joseph B.},
  year = {2017},
  month = sep,
  journal = {Ecosystems},
  volume = {20},
  number = {6},
  pages = {1217--1232},
  issn = {1432-9840, 1435-0629},
  doi = {10.1007/s10021-016-0105-9},
  urldate = {2023-01-13},
  langid = {english}
}

@article{Cotrufo.2015,
  title = {Formation of Soil Organic Matter via Biochemical and Physical Pathways of Litter Mass Loss},
  author = {Cotrufo, M. Francesca and Soong, Jennifer L. and Horton, Andrew J. and Campbell, Eleanor E. and Haddix, Michelle~L. and Wall, Diana H. and Parton, William J.},
  year = {2015},
  month = oct,
  journal = {Nature Geoscience},
  volume = {8},
  number = {10},
  pages = {776--779},
  issn = {1752-0894, 1752-0908},
  doi = {10.1038/ngeo2520},
  urldate = {2024-09-08},
  langid = {english}
}

@article{Coulson.1978,
  title = {An Investigation of the Biotic Factors Determining the Rates of Plant Decomposition on Blanket Bog},
  author = {Coulson, J. C. and Butterfield, Jennifer},
  year = {1978},
  month = jul,
  journal = {The Journal of Ecology},
  volume = {66},
  number = {2},
  eprint = {2259155},
  eprinttype = {jstor},
  pages = {631},
  issn = {00220477},
  doi = {10.2307/2259155},
  urldate = {2021-04-30},
  langid = {english}
}

@article{Curry.1989,
  title = {The Invertebrate Fauna of Reclaimed Cutaway Peat in Central Ireland and Its Influence on Soil Fertility and Plant Growth},
  author = {Curry, J.P. and Boyle, K.E. and Farrell, E.P.},
  year = {1989},
  month = nov,
  journal = {International Symposium on Agricultural Ecology and Environment},
  volume = {27},
  number = {1},
  pages = {217--225},
  issn = {0167-8809},
  doi = {10.1016/0167-8809(89)90087-X}
}

@article{Davidson.2012,
  title = {The {{Dual Arrhenius}} and {{Michaelis-Menten}} Kinetics Model for Decomposition of Soil Organic Matter at Hourly to Seasonal Time Scales},
  author = {Davidson, Eric A. and Samanta, Sudeep and Caramori, Samantha S. and Savage, Kathleen},
  year = {2012},
  month = jan,
  journal = {Global Change Biology},
  volume = {18},
  number = {1},
  pages = {371--384},
  issn = {13541013},
  doi = {10.1111/j.1365-2486.2011.02546.x},
  urldate = {2022-10-24},
  langid = {english}
}

@article{Davis.1986,
  title = {Environmental Factors Influencing Decomposition Rates in Two {{Antarctic}} Moss Communities},
  author = {Davis, R. C.},
  year = {1986},
  month = feb,
  journal = {Polar Biology},
  volume = {5},
  number = {2},
  pages = {95--103},
  issn = {1432-2056},
  doi = {10.1007/BF00443381}
}

@article{DelGiudice.2017,
  title = {Short-Term Leaching Dynamics of Three Peatland Plant Species Reveals How Shifts in Plant Communities May Affect Decomposition Processes},
  author = {Del Giudice, Rosa and Lindo, Zo{\"e}},
  year = {2017},
  month = jan,
  journal = {Geoderma},
  volume = {285},
  pages = {110--116},
  issn = {00167061},
  doi = {10.1016/j.geoderma.2016.09.028},
  urldate = {2023-07-27},
  langid = {english}
}

@article{Dieleman.2016,
  title = {Climate Change Effects on Peatland Decomposition and Porewater Dissolved Organic Carbon Biogeochemistry},
  author = {Dieleman, Catherine M. and Lindo, Zo{\"e} and McLaughlin, James W. and Craig, Aaron E. and Branfireun, Brian A.},
  year = {2016},
  month = jul,
  journal = {Biogeochemistry},
  volume = {128},
  number = {3},
  pages = {385--396},
  issn = {0168-2563, 1573-515X},
  doi = {10.1007/s10533-016-0214-8},
  urldate = {2023-01-13},
  langid = {english}
}

@article{Dimitrov.2021,
  title = {Revisiting Water Retention Curves for Simple Hydrological Modelling of Peat},
  author = {Dimitrov, Dimitre D. and Lafleur, Peter M.},
  year = {2021},
  journal = {Hydrological Sciences Journal},
  volume = {66},
  number = {2},
  eprint = {https://doi.org/10.1080/02626667.2020.1853132},
  pages = {252--267},
  publisher = {Taylor \& Francis},
  doi = {10.1080/02626667.2020.1853132}
}

@article{Dimitrov.2022,
  title = {Hydrology of Peat Estimated from Near-Surface Water Contents},
  author = {Dimitrov, Dimitre D. and Lafleur, Peter and Sonnentag, Oliver and Talbot, Julie and Quinton, William L.},
  year = {2022},
  month = aug,
  journal = {Hydrological Sciences Journal},
  volume = {67},
  number = {11},
  pages = {1702--1721},
  issn = {0262-6667, 2150-3435},
  doi = {10.1080/02626667.2022.2099281},
  urldate = {2023-10-02},
  langid = {english}
}

@article{Domisch.2006,
  title = {Decomposition and~Nitrogen Dynamics of~Litter in~Peat Soils from Two~Climatic Regions under Different Temperature Regimes},
  author = {Domisch, Timo and Fin{\'e}r, Leena and Laine, Jukka and Laiho, Raija},
  year = {2006},
  month = apr,
  journal = {European Journal of Soil Biology},
  volume = {42},
  number = {2},
  pages = {74--81},
  issn = {1164-5563},
  doi = {10.1016/j.ejsobi.2005.09.017}
}

@article{Dorrepaal.2007a,
  title = {Changing Leaf Litter Feedbacks on Plant Production across Contrasting Sub-Arctic Peatland Species and Growth Forms},
  author = {Dorrepaal, Ellen and Cornelissen, Johannes H. C. and Aerts, Rien},
  year = {2007},
  month = mar,
  journal = {Oecologia},
  volume = {151},
  number = {2},
  pages = {251--261},
  issn = {1432-1939},
  doi = {10.1007/s00442-006-0580-3}
}

@article{Edwards.2018,
  title = {Species Effects and Seasonal Trends on Plant Efflux Quantity and Quality in a Spruce Swamp Forest},
  author = {Edwards, Keith R. and Ka{\v s}tovsk{\'a}, Eva and Borovec, Jakub and {\v S}antr{\r u}{\v c}kov{\'a}, Hana and Picek, Tom{\'a}{\v s}},
  year = {2018},
  month = may,
  journal = {Plant and Soil},
  volume = {426},
  number = {1-2},
  pages = {179--196},
  issn = {0032-079X, 1573-5036},
  doi = {10.1007/s11104-018-3610-0},
  urldate = {2024-02-26},
  langid = {english}
}

@article{Eriksson.2019,
  title = {Uncertainty Quantification, Propagation and Characterization by {{Bayesian}} Analysis Combined with Global Sensitivity Analysis Applied to Dynamical Intracellular Pathway Models},
  author = {Eriksson, Olivia and Jauhiainen, Alexandra and Maad Sasane, Sara and Kramer, Andrei and Nair, Anu G and Sartorius, Carolina and Hellgren Kotaleski, Jeanette},
  editor = {Wren, Jonathan},
  year = {2019},
  month = jan,
  journal = {Bioinformatics},
  volume = {35},
  number = {2},
  pages = {284--292},
  issn = {1367-4803, 1460-2059},
  doi = {10.1093/bioinformatics/bty607},
  urldate = {2021-05-04},
  langid = {english}
}

@article{Evans.2009,
  title = {Resistances along the {{CO}}{\textsubscript{2}} Diffusion Pathway inside Leaves},
  author = {Evans, J. R. and Kaldenhoff, R. and Genty, B. and Terashima, I.},
  year = {2009},
  month = may,
  journal = {Journal of Experimental Botany},
  volume = {60},
  number = {8},
  pages = {2235--2248},
  issn = {0022-0957, 1460-2431},
  doi = {10.1093/jxb/erp117},
  urldate = {2023-11-15},
  langid = {english}
}

@article{Farquhar.1980,
  title = {A Biochemical Model of Photosynthetic {{CO}}{\textsubscript{2}} Assimilation in Leaves of {{C}}{\textsubscript{3}} Species},
  author = {Farquhar, G. D. and Von Caemmerer, S. and Berry, J. A.},
  year = {1980},
  month = jun,
  journal = {Planta},
  volume = {149},
  number = {1},
  pages = {78--90},
  issn = {0032-0935, 1432-2048},
  doi = {10.1007/BF00386231},
  urldate = {2023-11-15},
  langid = {english}
}

@article{Farrish.1985,
  title = {Mass Loss in a Forested Bog: {{Relation}} to Hummock and Hollow Microrelief},
  author = {Farrish, K. W. and Grigal, D. F.},
  year = {1985},
  month = may,
  journal = {Canadian Journal of Soil Science},
  volume = {65},
  number = {2},
  pages = {375--378},
  publisher = {NRC Research Press},
  issn = {0008-4271},
  doi = {10.4141/cjss85-042},
  urldate = {2022-12-25}
}

@article{Farrish.1988,
  title = {Decomposition in an Omrotrophic Bog and a Minerotrophic Fen in {{Minnesota}}},
  shorttitle = {Decomposition in an Omrotrophic Bog and a Minerotrophic Fen in {{Minnesota}}},
  author = {Farrish, K. W. and Grigal, D. F.},
  year = {1988},
  month = may,
  journal = {Soil Science},
  volume = {145},
  number = {5},
  pages = {353--358},
  issn = {0038-075X},
  doi = {10.1097/00010694-198805000-00005},
  urldate = {2021-04-30},
  langid = {english}
}

@article{Fenner.2011,
  title = {Drought-Induced Carbon Loss in Peatlands},
  author = {Fenner, Nathalie and Freeman, Chris},
  year = {2011},
  month = dec,
  journal = {Nature Geoscience},
  volume = {4},
  number = {12},
  pages = {895--900},
  issn = {1752-0894, 1752-0908},
  doi = {10.1038/ngeo1323},
  urldate = {2021-06-01},
  langid = {english}
}

@misc{Fernandez.2019,
  title = {{{SPRUCE}} Fungal Necromass Litter Bag Decomposition Study in {{SPRUCE}} Experimental Plots, 2016-2018},
  author = {Fernandez, C.W. and Heckman, K. and Kolka, R. and Kennedy, P.G.},
  year = {2019},
  publisher = {Oak Ridge National Laboratory (ORNL), Oak Ridge, TN (United States)},
  doi = {10.25581/SPRUCE.063/1503589},
  urldate = {2023-01-13},
  langid = {english}
}

@article{Fernandez.2019a,
  title = {Melanin Mitigates the Accelerated Decay of Mycorrhizal Necromass with Peatland Warming},
  author = {Fernandez, Christopher W. and Heckman, Katherine and Kolka, Randall and Kennedy, Peter G.},
  editor = {Klironomos, John},
  year = {2019},
  month = mar,
  journal = {Ecology Letters},
  volume = {22},
  number = {3},
  pages = {498--505},
  issn = {1461-023X, 1461-0248},
  doi = {10.1111/ele.13209},
  urldate = {2023-01-13},
  langid = {english}
}

@article{Frolking.2001,
  title = {Modeling Northern Peatland Decomposition and Peat Accumulation},
  author = {Frolking, Steve and Roulet, Nigel T. and Moore, Tim R. and Richard, Pierre J. H. and Lavoie, Martin and Muller, Serge D.},
  year = {2001},
  month = aug,
  journal = {Ecosystems},
  volume = {4},
  number = {5},
  pages = {479--498},
  issn = {1432-9840, 1435-0629},
  doi = {10.1007/s10021-001-0105-1},
  urldate = {2022-10-24},
  langid = {english}
}

@article{Frolking.2010,
  title = {A New Model of {{Holocene}} Peatland Net Primary Production, Decomposition, Water Balance, and Peat Accumulation},
  author = {Frolking, S. and Roulet, N. T. and Tuittila, E. and Bubier, J. L. and Quillet, A. and Talbot, J. and Richard, P. J. H.},
  year = {2010},
  month = oct,
  journal = {Earth System Dynamics},
  volume = {1},
  number = {1},
  pages = {1--21},
  issn = {2190-4987},
  doi = {10.5194/esd-1-1-2010},
  urldate = {2021-10-06},
  langid = {english}
}

@article{Frolking.2011,
  title = {Peatlands in the {{Earth}}'s 21st Century Climate System},
  author = {Frolking, Steve and Talbot, Julie and Jones, Miriam C. and Treat, Claire C. and Kauffman, J. Boone and Tuittila, Eeva-Stiina and Roulet, Nigel},
  year = {2011},
  month = dec,
  journal = {Environmental Reviews},
  volume = {19},
  number = {NA},
  pages = {371--396},
  issn = {1181-8700, 1208-6053},
  doi = {10.1139/a11-014},
  urldate = {2022-10-20},
  langid = {english}
}

@misc{Gabry.2022,
  title = {{{bayesplot}}: {{Plotting}} for Bayesian Models},
  author = {Gabry, Jonah and Mahr, Tristan},
  year = {2022}
}

@article{Gantes.2005,
  title = {Production and Decomposition in Floating Soils of the {{Iber{\'a}}} Wetlands ({{Argentina}})},
  author = {Gantes, Patricia and Torremorell, Ana},
  year = {2005},
  journal = {Limnetica},
  volume = {24},
  number = {3-4},
  pages = {203--210},
  issn = {0213-8409},
  urldate = {2023-01-04},
  langid = {english}
}

@article{Garisoain.2023,
  title = {A Study of Dominant Vegetation Phenology in a {{{\emph{Sphagnum}}}} Mountain Peatland Using in Situ and {{Sentinel}}-2 Observations},
  author = {Garisoain, Raphael and Delire, Christine and Decharme, Bertrand and Ferrant, Sylvain and Granouillac, Franck and Payre-Suc, Virginie and Gandois, Laure},
  year = {2023},
  month = oct,
  journal = {Journal of Geophysical Research: Biogeosciences},
  volume = {128},
  number = {10},
  pages = {e2023JG007403},
  issn = {2169-8953, 2169-8961},
  doi = {10.1029/2023JG007403},
  urldate = {2024-02-28},
  langid = {english}
}

@article{Gehrke.1998,
  title = {Effects of Enhanced {{UV-B}} Radiation on Production-Related Properties of a {{{\emph{Sphagnum}}}}{\emph{ Fuscum}} Dominated Subarctic Bog: {{Effects}} of {{UV-B}} on a Bog},
  shorttitle = {Effects of Enhanced {{UV-B}} Radiation on Production-Related Properties of a {{{\emph{Sphagnum}}}}{\emph{ Fuscum}} Dominated Subarctic Bog},
  author = {Gehrke, C.},
  year = {1998},
  month = dec,
  journal = {Functional Ecology},
  volume = {12},
  number = {6},
  pages = {940--947},
  issn = {02698463},
  doi = {10.1046/j.1365-2435.1998.00273.x},
  urldate = {2023-10-16},
  langid = {english}
}

@book{Gelman.2014,
  title = {Bayesian Data Analysis},
  author = {Gelman, Andrew and Carlin, John and Stern, Hal and Dunson, David and Vehtari, Aki and Rubin, Donald B.},
  year = {2014},
  series = {Chapman \& {{Hall}}/{{CRC}} Texts in Statistical Science},
  edition = {Third edition},
  publisher = {CRC Press},
  address = {Boca Raton},
  isbn = {978-1-4398-4095-5},
  lccn = {QA279.5 .G45 2014}
}

@article{Gerdol.2011,
  title = {Hydrologic Controls on Water Chemistry, Vegetation and Ecological Patterns in Two Mires in the {{South-Eastern Alps}} ({{Italy}})},
  author = {Gerdol, Renato and Pontin, Alessandro and Tomaselli, Marcello and Bombonato, Laura and Brancaleoni, Lisa and Gualmini, Matteo and Petraglia, Alessandro and Siffi, Chiara and Gargini, Alessandro},
  year = {2011},
  month = aug,
  journal = {CATENA},
  volume = {86},
  number = {2},
  pages = {86--97},
  issn = {03418162},
  doi = {10.1016/j.catena.2011.02.008},
  urldate = {2023-01-11},
  langid = {english}
}

@article{Gessner.1989,
  title = {Leaching Kinetics of Fresh Leaf-Litter with Implications for the Current Concept of Leaf-Processing in Streams},
  author = {Gessner, Mark O. and Schwoerbel, J{\"u}rgen},
  year = {1989},
  journal = {Archiv f{\"u}r Hydrobiologie},
  volume = {115},
  number = {1},
  pages = {81--90},
  publisher = {Schweizerbart'sche Verlagsbuchhandlung}
}

@article{Gignac.2004,
  title = {Distribution and Habitat Niches of 37 Peatland {{Cyperaceae}} Species across a Broad Geographic Range in {{Canada}}},
  author = {Gignac, L D and Gauthier, R and Rochefort, L and Bubier, J},
  year = {2004},
  month = sep,
  journal = {Canadian Journal of Botany},
  volume = {82},
  number = {9},
  pages = {1292--1313},
  issn = {0008-4026},
  doi = {10.1139/b04-081},
  urldate = {2024-10-18},
  copyright = {http://www.nrcresearchpress.com/page/about/CorporateTextAndDataMining},
  langid = {english}
}

@article{Glaser.2016,
  title = {Climatic Drivers for Multidecadal Shifts in Solute Transport and Methane Production Zones within a Large Peat Basin},
  author = {Glaser, Paul H. and Siegel, Donald I. and Chanton, Jeffrey P. and Reeve, Andrew S. and Rosenberry, Donald O. and Corbett, J. Elizabeth and Dasgupta, Soumitri and Levy, Zeno},
  year = {2016},
  month = nov,
  journal = {Global Biogeochemical Cycles},
  volume = {30},
  number = {11},
  pages = {1578--1598},
  issn = {0886-6236, 1944-9224},
  doi = {10.1002/2016GB005397},
  urldate = {2024-03-05},
  langid = {english}
}

@article{Gogo.2016,
  title = {In Situ and Laboratory Non-Additive Litter Mixture Effect on {{C}} Dynamics of {{Sphagnum}} Rubellum and {{Molinia}} Caerulea Litters},
  author = {Gogo, S{\'e}bastien and {Laggoun-D{\'e}farge}, Fatima and Merzouki, Fatima and Mounier, St{\'e}phane and {Guirimand-Dufour}, Audrey and Jozja, Nevila and Huguet, Arnaud and Delarue, Fr{\'e}d{\'e}ric and D{\'e}farge, Christian},
  year = {2016},
  month = jan,
  journal = {Journal of Soils and Sediments},
  volume = {16},
  number = {1},
  pages = {13--27},
  issn = {1439-0108, 1614-7480},
  doi = {10.1007/s11368-015-1178-3},
  urldate = {2023-01-13},
  langid = {english}
}

@article{Golovatskaya.2017,
  title = {The Influence of the Bog Water Level on the Transformation of Sphagnum Mosses in Peat Soils of Oligotrophic Bogs},
  author = {Golovatskaya, E. A. and Nikonova, L. G.},
  year = {2017},
  month = may,
  journal = {Eurasian Soil Science},
  volume = {50},
  number = {5},
  pages = {580--588},
  issn = {1064-2293, 1556-195X},
  doi = {10.1134/S1064229317030036},
  urldate = {2023-01-13},
  langid = {english}
}

@article{Graf.2009,
  title = {Examining the Peat-Accumulating Potential of Fen Vegetation in the Context of Fen Restoration of Harvested Peatlands},
  author = {Graf, Martha and Rochefort, Line},
  year = {2009},
  month = jun,
  journal = {{\'E}coscience},
  volume = {16},
  number = {2},
  pages = {158--166},
  publisher = {Taylor \& Francis},
  issn = {1195-6860},
  doi = {10.2980/16-2-3128}
}

@article{Granath.2009,
  title = {Photosynthetic Performance in {{{\emph{Sphagnum}}}} Transplanted along a Latitudinal Nitrogen Deposition Gradient},
  author = {Granath, Gustaf and Strengbom, Joachim and Breeuwer, Angela and Heijmans, Monique M. P. D. and Berendse, Frank and Rydin, H{\aa}kan},
  year = {2009},
  month = apr,
  journal = {Oecologia},
  volume = {159},
  number = {4},
  pages = {705--715},
  issn = {0029-8549, 1432-1939},
  doi = {10.1007/s00442-008-1261-1},
  urldate = {2023-10-12},
  langid = {english}
}

@article{Granath.2010,
  title = {Rapid Ecosystem Shifts in Peatlands: Linking Plant Physiology and Succession},
  shorttitle = {Rapid Ecosystem Shifts in Peatlands},
  author = {Granath, Gustaf and Strengbom, Joachim and Rydin, H{\aa}kan},
  year = {2010},
  month = oct,
  journal = {Ecology},
  volume = {91},
  number = {10},
  pages = {3047--3056},
  issn = {0012-9658, 1939-9170},
  doi = {10.1890/09-2267.1},
  urldate = {2023-10-12},
  langid = {english}
}

@article{Granath.2012,
  title = {Direct Physiological Effects of Nitrogen on {{{\emph{Sphagnum}}}}: A Greenhouse Experiment: {{Direct}} Effects of {{N}} Application on {{{\emph{Sphagnum}}}}},
  shorttitle = {Direct Physiological Effects of Nitrogen on {{Sphagnum}}},
  author = {Granath, Gustaf and Strengbom, Joachim and Rydin, H{\aa}kan},
  year = {2012},
  month = apr,
  journal = {Functional Ecology},
  volume = {26},
  number = {2},
  pages = {353--364},
  issn = {02698463},
  doi = {10.1111/j.1365-2435.2011.01948.x},
  urldate = {2023-10-12},
  langid = {english}
}

@article{Granberg.1999,
  title = {A Simple Model for Simulation of Water Content, Soil Frost, and Soil Temperatures in Boreal Mixed Mires},
  author = {Granberg, G. and Grip, H. and L{\"o}fvenius, M. Ottosson and Sundh, I. and Svensson, B. H. and Nilsson, M.},
  year = {1999},
  month = dec,
  journal = {Water Resources Research},
  volume = {35},
  number = {12},
  pages = {3771--3782},
  publisher = {John Wiley \& Sons, Ltd},
  issn = {0043-1397},
  doi = {10.1029/1999WR900216},
  urldate = {2022-12-12}
}

@article{Hagemann.2015,
  title = {Moss and Lichen Decomposition in Old-Growth and Harvested High-Boreal Forests Estimated Using the Litterbag and Minicontainer Methods},
  author = {Hagemann, Ulrike and Moroni, Martin T.},
  year = {2015},
  month = aug,
  journal = {Soil Biology and Biochemistry},
  volume = {87},
  pages = {10--24},
  issn = {00380717},
  doi = {10.1016/j.soilbio.2015.04.002},
  urldate = {2023-01-13},
  langid = {english}
}

@misc{Hagemann.2016,
  title = {Data on Moss and Lichen Decomposition Rates and Nutrient Loss from Old-Growth and Harvested High-Boreal Forests Estimated Using the Litterbag and Minicontainer Methods},
  author = {Hagemann, Ulrike and Moroni, Martin T.},
  year = {2016},
  publisher = {Leibniz-Zentrum f{\"u}r Agrarlandschaftsforschung (ZALF) e.V.},
  doi = {10.4228/ZALF.2007.290},
  urldate = {2023-01-27},
  collaborator = {Science, German National Library Of and Sustainability (IBES), Ecosystem Science And, Institute For Biodiversity and Model Forest Of Newfoundland And Labrador and Canada, Forest Management Committee Of District 19a In Labrador and {N{\"u}sslein-Volhard-Stiftung}, Christiane and National German Academic Foundation and Government Of Canada and M{\"u}ncheberg (Germany), Leibniz-Zentrum F{\"u}r Agrarlandschaftsforschung (ZALF) E. V. and Natural Resources Canada, Atlantic Forestry Centre Corner Brook and Dresden University Of Technology, Institute Of Soil Science and Hagemann, Ulrike and Hagemann, Ulrike},
  copyright = {Creative Commons Attribution Non Commercial 4.0 International},
  langid = {english}
}

@article{Hajek.2011,
  title = {Cell-Wall Polysaccharides Play an Important Role in Decay Resistance of {{{\emph{Sphagnum}}}} and Actively Depressed Decomposition in Vitro},
  author = {H{\'a}jek, Tom{\'a}{\v s} and Ballance, Simon and Limpens, Juul and Zijlstra, Mink and Verhoeven, Jos T. A.},
  year = {2011},
  month = apr,
  journal = {Biogeochemistry},
  volume = {103},
  number = {1-3},
  pages = {45--57},
  issn = {0168-2563, 1573-515X},
  doi = {10.1007/s10533-010-9444-3},
  urldate = {2022-01-25},
  langid = {english}
}

@article{Hajek.2024,
  title = {Enzyme Adaptation in {{{\emph{Sphagnum}}}} Peatlands Questions the Significance of Dissolved Organic Matter in Enzyme Inhibition},
  author = {H{\'a}jek, Tom{\'a}{\v s} and Urbanov{\'a}, Zuzana},
  year = {2024},
  month = feb,
  journal = {Science of The Total Environment},
  volume = {911},
  pages = {168685},
  issn = {00489697},
  doi = {10.1016/j.scitotenv.2023.168685},
  urldate = {2024-01-03},
  langid = {english}
}

@article{Hansson.2015,
  title = {Downwash of Atmospherically Deposited Trace Metals in Peat and the Influence of Rainfall Intensity: {{An}} Experimental Test},
  shorttitle = {Downwash of Atmospherically Deposited Trace Metals in Peat and the Influence of Rainfall Intensity},
  author = {Hansson, Sophia V. and Tolu, Julie and Bindler, Richard},
  year = {2015},
  month = feb,
  journal = {Science of The Total Environment},
  volume = {506--507},
  pages = {95--101},
  issn = {00489697},
  doi = {10.1016/j.scitotenv.2014.10.083},
  urldate = {2022-05-23},
  langid = {english}
}

@article{Haraguchi.2002,
  title = {Decomposition of Organic Matter in Peat Soil in a Minerotrophic Mire},
  author = {Haraguchi, Akira and Kojima, Hisaya and Hasegawa, Chiaki and Takahashi, Yukari and Iyobe, Tsutomu},
  year = {2002},
  month = feb,
  journal = {European Journal of Soil Biology},
  volume = {38},
  number = {1},
  pages = {89--95},
  issn = {1164-5563},
  doi = {10.1016/S1164-5563(01)01112-8}
}

@article{Haraguchi.2003,
  title = {Decomposition Activity of Peat Soils in Geogenous Mires in {{Sasakami}}, Central {{Japan}}},
  author = {Haraguchi, Akira and Hasegawa, Chiaki and Hirayama, Akiko and Kojima, Hisaya},
  year = {2003},
  month = oct,
  journal = {European Journal of Soil Biology},
  volume = {39},
  number = {4},
  pages = {191--196},
  issn = {1164-5563},
  doi = {10.1016/j.ejsobi.2003.05.001}
}

@article{Haraguchi.2011,
  title = {Temperature Dependency of Photosynthesis of {{{\emph{Sphagnum}}}} Spp. Distributed in the Warm-Temperate and the Cool-Temperate Mires of {{Japan}}},
  author = {Haraguchi, Akira and Yamada, Nanae},
  year = {2011},
  journal = {American Journal of Plant Sciences},
  volume = {02},
  number = {05},
  pages = {716--725},
  issn = {2158-2742, 2158-2750},
  doi = {10.4236/ajps.2011.25086},
  urldate = {2023-10-04}
}

@article{Harley.1989,
  title = {Irradiance and Temperature Effects on Photosynthesis of Tussock Tundra {{{\emph{Sphagnum}}}} Mosses from the Foothills of the {{Philip Smith Mountains}}, {{Alaska}}},
  author = {Harley, P. C. and Tenhunen, J. D. and Murray, K. J. and Beyers, J.},
  year = {1989},
  journal = {Oecologia},
  volume = {79},
  number = {2},
  pages = {251--259},
  issn = {0029-8549, 1432-1939},
  doi = {10.1007/BF00388485},
  urldate = {2023-10-12},
  langid = {english}
}

@article{Hassel.2018,
  title = {{\emph{Sphagnum Divinum}} ({\emph{Sp. Nov.}}) and {{{\emph{S}}}}{\emph{. Medium}} {{Limpr}}. and Their Relationship to {{{\emph{S}}}}{\emph{. Magellanicum}} {{Brid}}.},
  author = {Hassel, Kristian and Kyrkjeeide, Magni O. and Yousefi, Narjes and Prest{\o}, Tommy and Sten{\o}ien, Hans K. and Shaw, Jonathan A. and Flatberg, Kjell Ivar},
  year = {2018},
  month = jul,
  journal = {Journal of Bryology},
  volume = {40},
  number = {3},
  pages = {197--222},
  issn = {0373-6687, 1743-2820},
  doi = {10.1080/03736687.2018.1474424},
  urldate = {2023-11-29},
  langid = {english}
}

@book{Hastie.2009,
  title = {The {{Elements}} of {{Statistical Learning}}},
  author = {Hastie, Trevor and Tibshirani, Robert and Friedman, Jerome},
  year = {2009},
  series = {Springer {{Series}} in {{Statistics}}},
  publisher = {Springer New York},
  address = {New York, NY},
  doi = {10.1007/978-0-387-84858-7},
  urldate = {2024-09-06},
  copyright = {http://www.springer.com/tdm},
  isbn = {978-0-387-84857-0 978-0-387-84858-7}
}

@article{Hayward.1982,
  title = {Profiles of Water Content and Pore Size in {{{\emph{Sphagnum}}}} and Peat, and Their Relation to Peat Bog Ecology},
  author = {Hayward, P. M. and Clymo, R. S.},
  year = {1982},
  journal = {Proceedings of the Royal Society of London. Series B, Biological Sciences},
  volume = {215},
  number = {1200},
  eprint = {35511},
  eprinttype = {jstor},
  pages = {299--325},
  langid = {english}
}

@incollection{Heal.1978,
  title = {A Study of the Rates of Decomposition of Organic Matter},
  booktitle = {Production {{Ecology}} of {{British Moors}} and {{Montane Grasslands}}},
  author = {Heal, O. W. and Latter, P. M. and Howson, G.},
  editor = {Billings, W. D. and Golley, F. and Lange, O. L. and Olson, J. S. and Heal, O. W. and Perkins, D. F.},
  year = {1978},
  volume = {27},
  pages = {136--159},
  publisher = {Springer Berlin Heidelberg},
  address = {Berlin, Heidelberg},
  doi = {10.1007/978-3-642-66760-2_7},
  urldate = {2023-01-17},
  isbn = {978-3-642-66762-6 978-3-642-66760-2}
}

@article{Heck.2021,
  title = {Axenic {\emph{in Vitro}} Cultivation of 19 Peat Moss ( {{{\emph{Sphagnum}}}} {{L}}.) Species as a Resource for Basic Biology, Biotechnology, and Paludiculture},
  author = {Heck, Melanie A. and L{\"u}th, Volker M. and Van Gessel, Nico and Krebs, Matthias and Kohl, Mira and Prager, Anja and Joosten, Hans and Decker, Eva L. and Reski, Ralf},
  year = {2021},
  month = jan,
  journal = {New Phytologist},
  volume = {229},
  number = {2},
  pages = {861--876},
  issn = {0028-646X, 1469-8137},
  doi = {10.1111/nph.16922},
  urldate = {2024-09-09},
  langid = {english}
}

@article{Heijmans.2008,
  title = {Long-term Effects of Climate Change on Vegetation and Carbon Dynamics in Peat Bogs},
  author = {Heijmans, Monique M.P.D. and Mauquoy, Dmitri and Van Geel, Bas and Berendse, Frank},
  year = {2008},
  month = jun,
  journal = {Journal of Vegetation Science},
  volume = {19},
  number = {3},
  pages = {307--320},
  issn = {1100-9233, 1654-1103},
  doi = {10.3170/2008-8-18368},
  urldate = {2023-11-29},
  langid = {english}
}

@article{Heinemeyer.2010,
  title = {The {{MILLENNIA}} Peat Cohort Model: {{Predicting}} Past, Present and Future Soil Carbon Budgets and Fluxes under Changing Climates in Peatlands},
  author = {Heinemeyer, A. and Croft, S. and Garnett, M. H. and Gloor, E. and Holden, J. and Lomas, M. R. and Ineson, P.},
  year = {2010},
  journal = {Climate Research},
  volume = {45},
  pages = {207--226},
  doi = {10.3354/cr00928},
  langid = {english}
}

@article{Hilbert.2000,
  title = {Modelling and Analysis of Peatlands as Dynamical Systems},
  author = {Hilbert, David W. and Roulet, Nigel and Moore, Tim},
  year = {2000},
  month = apr,
  journal = {Journal of Ecology},
  volume = {88},
  number = {2},
  pages = {230--242},
  issn = {0022-0477, 1365-2745},
  doi = {10.1046/j.1365-2745.2000.00438.x},
  urldate = {2024-10-31},
  copyright = {http://onlinelibrary.wiley.com/termsAndConditions\#vor},
  langid = {english}
}

@book{Hillel.2003,
  title = {Introduction to Environmental Soil Physics},
  author = {Hillel, Daniel},
  year = {2003},
  publisher = {Elsevier},
  doi = {10.1016/B978-0-12-348655-4.X5000-X},
  urldate = {2024-06-10},
  isbn = {978-0-12-348655-4},
  langid = {english}
}

@article{Hiroki.1996,
  title = {Microbial Community and Rate of Cellulose Decomposition in Peat Soils in a Mire},
  author = {Hiroki, Mikiya and Watanabe, Makoto M.},
  year = {1996},
  month = dec,
  journal = {Soil Science and Plant Nutrition},
  volume = {42},
  number = {4},
  pages = {893--903},
  publisher = {Taylor \& Francis},
  issn = {0038-0768},
  doi = {10.1080/00380768.1996.10416636}
}

@article{Hobbie.1996,
  title = {Temperature and Plant Species Control over Litter Decomposition in {{Alaskan}} Tundra},
  author = {Hobbie, Sarah E.},
  year = {1996},
  month = nov,
  journal = {Ecological Monographs},
  volume = {66},
  number = {4},
  pages = {503--522},
  issn = {0012-9615, 1557-7015},
  doi = {10.2307/2963492},
  urldate = {2023-01-17},
  langid = {english}
}

@article{Hoffman.2014,
  title = {The No-{{U-turn}} Sampler: {{Adaptively}} Setting Path Lengths in Hamiltonian Monte Carlo},
  author = {Hoffman, Matthew D. and Gelman, Andrew},
  year = {2014},
  journal = {Journal of Machine Learning Research},
  volume = {15},
  number = {47},
  pages = {1593--1623}
}

@article{Hogg.1992,
  title = {Potential Carbon Losses from Peat Profiles: {{Effects}} of Temperature, Drought Cycles, and Fire},
  author = {Hogg, Edward H. and Lieffers, Victor J. and Wein, Ross W.},
  year = {1992},
  month = aug,
  journal = {Ecological Applications},
  volume = {2},
  number = {3},
  pages = {298--306},
  publisher = {John Wiley \& Sons, Ltd},
  issn = {1051-0761},
  doi = {10.2307/1941863},
  urldate = {2022-12-28}
}

@article{Hoorens.2010,
  title = {Litter Mixture Interactions at the Level of Plant Functional Types Are Additive},
  author = {Hoorens, Bart and Stroetenga, Martin and Aerts, Rien},
  year = {2010},
  month = jan,
  journal = {Ecosystems},
  volume = {13},
  number = {1},
  pages = {90--98},
  issn = {1432-9840, 1435-0629},
  doi = {10.1007/s10021-009-9301-1},
  urldate = {2023-01-11},
  langid = {english}
}

@article{Isabelle.2018,
  title = {Water Budget, Performance of Evapotranspiration Formulations, and Their Impact on Hydrological Modeling of a Small Boreal Peatland-Dominated Watershed},
  author = {Isabelle, Pierre-Erik and Nadeau, Daniel F. and Rousseau, Alain N. and Anctil, Fran{\c c}ois},
  year = {2018},
  month = feb,
  journal = {Canadian Journal of Earth Sciences},
  volume = {55},
  number = {2},
  pages = {206--220},
  issn = {0008-4077, 1480-3313},
  doi = {10.1139/cjes-2017-0046},
  urldate = {2023-10-03},
  langid = {english}
}

@article{Itabashi.2023,
  title = {Measuring Response of Photosynthetic Rate of {{{\emph{Sphagnum}}}}{\emph{ Palustre}} {{L}}. to Water Content: {{Importance}} of Adjustment of the Water Content to the Habitat Condition},
  shorttitle = {Measuring Response of Photosynthetic Rate of {{Sphagnum}} Palustre {{L}}. to Water Content},
  author = {Itabashi, Hiroto and Yazaki, Tomotsugu and Hoshi, Yoshikazu and Yabe, Kazuo},
  year = {2023},
  month = feb,
  journal = {Mires and Peat},
  volume = {29},
  number = {05},
  pages = {1--15},
  issn = {1819-754X},
  doi = {10.19189/MaP.2022.OMB.Sc.1827920},
  urldate = {2023-10-12},
  langid = {english}
}

@article{Jackson.1996,
  title = {A Global Analysis of Root Distributions for Terrestrial Biomes},
  author = {Jackson, R. B. and Canadell, J. and Ehleringer, J. R. and Mooney, H. A. and Sala, O. E. and Schulze, E. D.},
  year = {1996},
  month = nov,
  journal = {Oecologia},
  volume = {108},
  number = {3},
  pages = {389--411},
  issn = {0029-8549, 1432-1939},
  doi = {10.1007/BF00333714},
  urldate = {2024-10-08},
  copyright = {http://www.springer.com/tdm},
  langid = {english}
}

@article{Janssen.1984,
  title = {A Simple Method for Calculating Decomposition and Accumulation of `Young' Soil Organic Matter},
  author = {Janssen, B. H.},
  year = {1984},
  month = feb,
  journal = {Plant and Soil},
  volume = {76},
  number = {1},
  pages = {297--304},
  issn = {1573-5036},
  doi = {10.1007/BF02205588}
}

@article{Jassey.2019,
  title = {Effects of Climate Warming on {{{\emph{Sphagnum}}}} Photosynthesis in Peatlands Depend on Peat Moisture and Species-specific Anatomical Traits},
  author = {Jassey, Vincent E. J. and Signarbieux, Constant},
  year = {2019},
  month = nov,
  journal = {Global Change Biology},
  volume = {25},
  number = {11},
  pages = {3859--3870},
  issn = {1354-1013, 1365-2486},
  doi = {10.1111/gcb.14788},
  urldate = {2023-10-12},
  langid = {english}
}

@article{Jassey.2021,
  title = {Come Rain, Come Shine: {{Peatland}} Carbon Dynamics Shift under Extreme Precipitation},
  shorttitle = {Come {{Rain}}, {{Come Shine}}},
  author = {Jassey, Vincent and Barel, Janna M. and Moulia, Vincent and Hamard, Samuel and Sytiuk, Anna},
  year = {2021},
  publisher = {figshare},
  doi = {10.6084/M9.FIGSHARE.C.5468205},
  urldate = {2023-01-13},
  copyright = {Creative Commons Attribution 4.0 International}
}

@article{Jauhiainen.1999,
  title = {Photosynthesis of {{{\emph{Sphagnum}}}}{\emph{ Fuscum}} at Long-Term Raised {{CO}}{\textsubscript{2}} Concentrations},
  author = {Jauhiainen, Jyrki and Silvola, Jouko},
  year = {1999},
  journal = {Annales Botanici Fennici},
  volume = {36},
  number = {1},
  issn = {0003-3847},
  urldate = {2023-10-04},
  langid = {english}
}

@article{Johnson.1991,
  title = {Species-Controlled {{{\emph{Sphagnum}}}} Decay on a South {{Swedish}} Raised Bog},
  author = {Johnson, Loretta C. and Damman, Antoni W. H.},
  year = {1991},
  month = jun,
  journal = {Oikos},
  volume = {61},
  number = {2},
  eprint = {3545341},
  eprinttype = {jstor},
  pages = {234},
  issn = {00301299},
  doi = {10.2307/3545341},
  urldate = {2021-04-18},
  langid = {english}
}

@article{Johnson.2015,
  title = {Evolution of Niche Preference in {{{\emph{Sphagnum}}}} Peat Mosses},
  shorttitle = {Evolution of Niche Preference in {{{\emph{Sphagnum}}}} Peat Mosses},
  author = {Johnson, Matthew G. and Granath, Gustaf and Tahvanainen, Teemu and Pouliot, Remy and Sten{\o}ien, Hans K. and Rochefort, Line and Rydin, H{\aa}kan and Shaw, A. Jonathan},
  year = {2015},
  month = jan,
  journal = {Evolution},
  volume = {69},
  number = {1},
  pages = {90--103},
  issn = {00143820},
  doi = {10.1111/evo.12547},
  urldate = {2023-06-22},
  langid = {english}
}

@article{Joshi.2021,
  title = {Redox Properties of Peat Particulate Organic Matter: {{Quantification}} of Electron Accepting Capacities and Assessment of Electron Transfer Reversibility},
  shorttitle = {Redox {{Properties}} of {{Peat Particulate Organic Matter}}},
  author = {Joshi, Prachi and Schroth, Martin H. and Sander, Michael},
  year = {2021},
  month = aug,
  journal = {Journal of Geophysical Research: Biogeosciences},
  volume = {126},
  number = {8},
  pages = {e2021JG006329},
  issn = {2169-8953, 2169-8961},
  doi = {10.1029/2021JG006329},
  urldate = {2024-02-18},
  langid = {english}
}

@article{Kallioinen.2024,
  title = {Detecting and Diagnosing Prior and Likelihood Sensitivity with Power-Scaling},
  author = {Kallioinen, Noa and Paananen, Topi and B{\"u}rkner, Paul-Christian and Vehtari, Aki},
  year = {2024},
  month = feb,
  journal = {Statistics and Computing},
  volume = {34},
  number = {1},
  pages = {57},
  issn = {0960-3174, 1573-1375},
  doi = {10.1007/s11222-023-10366-5},
  urldate = {2024-01-03},
  langid = {english}
}

@misc{Kallioinen.2024a,
  title = {{{priorsense}}: {{Prior}} Diagnostics and Sensitivity Analysis},
  shorttitle = {Priorsense},
  author = {Kallioinen, Noa and Paananen, Topi and B{\"u}rkner, Paul-Christian and Vehtari, Aki},
  year = {2024},
  month = jun,
  pages = {1.0.3},
  publisher = {Comprehensive R Archive Network},
  doi = {10.32614/CRAN.package.priorsense},
  urldate = {2024-10-09},
  langid = {english}
}

@article{Kammer.2011,
  title = {Mineralisation, Leaching and Stabilisation of {$\delta$}{\textsuperscript{13}}{{C-labelled}} Leaf and Twig Litter in a Beech Forest Soil},
  author = {Kammer, A. and Hagedorn, F.},
  year = {2011},
  month = aug,
  journal = {Biogeosciences},
  volume = {8},
  number = {8},
  pages = {2195--2208},
  issn = {1726-4189},
  doi = {10.5194/bg-8-2195-2011},
  urldate = {2024-09-08},
  copyright = {https://creativecommons.org/licenses/by/3.0/},
  langid = {english}
}

@article{Kangas.2014,
  title = {Photosynthetic Traits of {{{\emph{Sphagnum}}}} and Feather Moss Species in Undrained, Drained and Rewetted Boreal Spruce Swamp Forests},
  author = {Kangas, Laura and Maanavilja, Liisa and H{\'a}jek, Tom{\'a}{\v s} and Juurola, Eija and Chimner, Rodney A. and Meht{\"a}talo, Lauri and Tuittila, Eeva-Stiina},
  year = {2014},
  month = feb,
  journal = {Ecology and Evolution},
  volume = {4},
  number = {4},
  pages = {381--396},
  issn = {2045-7758, 2045-7758},
  doi = {10.1002/ece3.939},
  urldate = {2023-10-12},
  langid = {english}
}

@misc{Kay.2022,
  title = {{{tidybayes}}: {{Tidy}} Data and Geoms for {{Bayesian}} Models},
  author = {Kay, Matthew},
  year = {2022},
  doi = {10.5281/zenodo.1308151}
}

@manual{Kay.2022a,
  type = {Manual},
  title = {{{ggdist}}: {{Visualizations}} of Distributions and Uncertainty},
  author = {Kay, Matthew},
  year = {2022},
  doi = {10.5281/zenodo.3879620}
}

@article{Kettridge.2007,
  title = {In Situ Measurements of the Thermal Properties of a Northern Peatland: {{Implications}} for Peatland Temperature Models},
  author = {Kettridge, N. and Baird, A.},
  year = {2007},
  month = jun,
  journal = {Journal of Geophysical Research: Earth Surface},
  volume = {112},
  number = {F2},
  publisher = {John Wiley \& Sons, Ltd},
  issn = {0148-0227},
  doi = {10.1029/2006JF000655},
  urldate = {2022-12-12}
}

@article{Kim.2014,
  title = {Dissolved Organic Carbon and Total Dissolved Nitrogen Production by Boreal Soils and Litter: The Role of Flooding, Oxygen Concentration, and Temperature},
  shorttitle = {Dissolved Organic Carbon and Total Dissolved Nitrogen Production by Boreal Soils and Litter},
  author = {Kim, Youngil and Ullah, Sami and Moore, Tim R. and Roulet, Nigel T.},
  year = {2014},
  month = apr,
  journal = {Biogeochemistry},
  volume = {118},
  number = {1-3},
  pages = {35--48},
  issn = {0168-2563, 1573-515X},
  doi = {10.1007/s10533-013-9903-8},
  urldate = {2024-01-16},
  langid = {english}
}

@article{Kim.2021,
  title = {Water Table Fluctuation in Peatlands Facilitates Fungal Proliferation, Impedes {{{\emph{Sphagnum}}}} Growth and Accelerates Decomposition},
  author = {Kim, Jinhyun and Rochefort, Line and {Hogue-Hugron}, Sandrine and Alqulaiti, Zuhair and Dunn, Christian and Pouliot, Remy and Jones, Timothy G and Freeman, Chris and Kang, Hojeong},
  year = {2021},
  journal = {Frontiers in Earth Science},
  volume = {8},
  pages = {9},
  langid = {english}
}

@article{Knorr.2009,
  title = {Impact of Experimental Drought and Rewetting on Redox Transformations and Methanogenesis in Mesocosms of a Northern Fen Soil},
  author = {Knorr, Klaus-Holger and Blodau, Christian},
  year = {2009},
  month = jun,
  journal = {Soil Biology and Biochemistry},
  volume = {41},
  number = {6},
  pages = {1187--1198},
  issn = {00380717},
  doi = {10.1016/j.soilbio.2009.02.030},
  urldate = {2024-04-24},
  copyright = {https://www.elsevier.com/tdm/userlicense/1.0/},
  langid = {english}
}

@unpublished{Kohl.2024,
  type = {Peer Review},
  title = {Comment on Egusphere-2024-1686},
  author = {Kohl, Lukas},
  year = {2024},
  month = sep,
  doi = {10.5194/egusphere-2024-1686-RC2},
  urldate = {2024-09-07},
  langid = {english}
}

@article{Kokkonen.2022,
  title = {Two Mechanisms Drive Changes in Boreal Peatland Photosynthesis Following Long-Term Water Level Drawdown: {{Species}} Turnover and Altered Photosynthetic Capacity},
  shorttitle = {Two {{Mechanisms Drive Changes}} in {{Boreal Peatland Photosynthesis Following Long-Term Water Level Drawdown}}},
  author = {Kokkonen, Nicola and Laine, Anna M. and M{\"a}nnist{\"o}, Elisa and Meht{\"a}talo, Lauri and Korrensalo, Aino and Tuittila, Eeva-Stiina},
  year = {2022},
  month = nov,
  journal = {Ecosystems},
  volume = {25},
  number = {7},
  pages = {1601--1618},
  issn = {1432-9840, 1435-0629},
  doi = {10.1007/s10021-021-00736-3},
  urldate = {2023-10-10},
  langid = {english}
}

@article{Koronatova.2010,
  title = {Change of Peat Mass during Decomposition in Mires of {{Poland}} and {{West Siberia}}},
  author = {Koronatova, N. G. and Shibareva, S. V.},
  year = {2010},
  month = jun,
  journal = {Contemporary Problems of Ecology},
  volume = {3},
  number = {3},
  pages = {312--317},
  issn = {1995-4255, 1995-4263},
  doi = {10.1134/S1995425510030094},
  urldate = {2023-01-11},
  langid = {english}
}

@article{Korrensalo.2016,
  title = {Variation in Photosynthetic Properties among Bog Plants},
  author = {Korrensalo, Aino and H{\'a}jek, Tom{\'a}{\v s} and Vesala, Timo and Meht{\"a}talo, Lauri and Tuittila, Eeva-Stiina},
  year = {2016},
  month = dec,
  journal = {Botany},
  volume = {94},
  number = {12},
  pages = {1127--1139},
  issn = {1916-2790, 1916-2804},
  doi = {10.1139/cjb-2016-0117},
  urldate = {2023-10-12},
  langid = {english}
}

@article{Krab.2013,
  title = {Vascular Plant Litter Input in Subarctic Peat Bogs Changes {{Collembola}} Diets and Decomposition Patterns},
  author = {Krab, Eveline J. and Berg, Matty P. and Aerts, Rien and {van Logtestijn}, Richard S.P. and Cornelissen, Johannes H.C.},
  year = {2013},
  month = aug,
  journal = {Soil Biology and Biochemistry},
  volume = {63},
  pages = {106--115},
  issn = {00380717},
  doi = {10.1016/j.soilbio.2013.03.032},
  urldate = {2023-01-12},
  langid = {english}
}

@article{Kurnianto.2015,
  title = {Carbon Accumulation of Tropical Peatlands over Millennia: A Modeling Approach},
  shorttitle = {Carbon Accumulation of Tropical Peatlands over Millennia},
  author = {Kurnianto, Sofyan and Warren, Matthew and Talbot, Julie and Kauffman, Boone and Murdiyarso, Daniel and Frolking, Steve},
  year = {2015},
  month = jan,
  journal = {Global Change Biology},
  volume = {21},
  number = {1},
  pages = {431--444},
  issn = {1354-1013, 1365-2486},
  doi = {10.1111/gcb.12672},
  urldate = {2024-04-24},
  copyright = {http://onlinelibrary.wiley.com/termsAndConditions\#vor},
  langid = {english}
}

@article{Laiho.2004,
  title = {Scots Pine Litter Decomposition along Drainage Succession and Soil Nutrient Gradients in Peatland Forests, and the Effects of Inter-Annual Weather Variation},
  author = {Laiho, Raija and Laine, Jukka and Trettin, Carl C. and Fin{\'e}r, Leena},
  year = {2004},
  month = jul,
  journal = {Soil Biology and Biochemistry},
  volume = {36},
  number = {7},
  pages = {1095--1109},
  issn = {0038-0717},
  doi = {10.1016/j.soilbio.2004.02.020}
}

@misc{Laine-Petajakangas.2022,
  title = {Two Mechanisms Drive Changes in Boreal Peatland Photosynthesis Following Long-Term Water Level Drawdown: Species Turnover and Altered Photosynthetic Capacity},
  shorttitle = {Two Mechanisms Drive Changes in Boreal Peatland Photosynthesis Following Long-Term Water Level Drawdown},
  author = {{Laine-Pet{\"a}j{\"a}kangas}, Anna},
  year = {2022},
  pages = {135423},
  publisher = {Laine-Pet{\"a}j{\"a}kangas, Anna},
  doi = {10.23729/B6E83383-8720-406E-8FD0-4A2094ADE983},
  urldate = {2023-10-10},
  copyright = {Creative Commons Attribution 4.0 International, Creative Commons Attribution 4.0 International, Creative Commons Attribution 4.0 International},
  langid = {english}
}

@article{Laine.2011a,
  title = {Sphagnum Growth and Ecophysiology during Mire Succession},
  author = {Laine, Anna M. and Juurola, Eija and H{\'a}jek, Tom{\'a}{\v s} and Tuittila, Eeva-Stiina},
  year = {2011},
  month = dec,
  journal = {Oecologia},
  volume = {167},
  number = {4},
  pages = {1115--1125},
  issn = {0029-8549, 1432-1939},
  doi = {10.1007/s00442-011-2039-4},
  urldate = {2023-10-10},
  langid = {english}
}

@article{Laing.2014,
  title = {Tradeoffs and Scaling of Functional Traits in {{{\emph{Sphagnum}}}} as Drivers of Carbon Cycling in Peatlands},
  author = {Laing, C. G. and Granath, G. and Belyea, L. R. and Allton, K. E. and Rydin, H.},
  year = {2014},
  month = jul,
  journal = {Oikos},
  volume = {123},
  number = {7},
  pages = {817--828},
  issn = {00301299},
  doi = {10.1111/oik.01061},
  urldate = {2023-10-12},
  langid = {english}
}

@misc{Laing.2014a,
  title = {Data for '{{Trade-offs}} and Scaling of Functional Traits in {{{\emph{Sphagnum}}}} as Drivers of Carbon Cycling in Peatlands'},
  author = {Laing, C. G. and Granath, Gustaf and Belyea, Lisa R. and Allton, K. E. and Rydin, H{\aa}kan},
  year = {2014},
  month = nov,
  urldate = {2023-10-12},
  archiveprefix = {Queen Mary Research Online},
  langid = {english}
}

@article{Lamarque.2013,
  title = {Multi-Model Mean Nitrogen and Sulfur Deposition from the {{Atmospheric Chemistry}} and {{Climate Model Intercomparison Project}} ({{ACCMIP}}): Evaluation of Historical and Projected Future Changes},
  shorttitle = {Multi-Model Mean Nitrogen and Sulfur Deposition from the {{Atmospheric Chemistry}} and {{Climate Model Intercomparison Project}} ({{ACCMIP}})},
  author = {Lamarque, J.-F. and Dentener, F. and McConnell, J. and Ro, C.-U. and Shaw, M. and Vet, R. and Bergmann, D. and {Cameron-Smith}, P. and Dalsoren, S. and Doherty, R. and Faluvegi, G. and Ghan, S. J. and Josse, B. and Lee, Y. H. and MacKenzie, I. A. and Plummer, D. and Shindell, D. T. and Skeie, R. B. and Stevenson, D. S. and Strode, S. and Zeng, G. and Curran, M. and {Dahl-Jensen}, D. and Das, S. and Fritzsche, D. and Nolan, M.},
  year = {2013},
  month = aug,
  journal = {Atmospheric Chemistry and Physics},
  volume = {13},
  number = {16},
  pages = {7997--8018},
  issn = {1680-7324},
  doi = {10.5194/acp-13-7997-2013},
  urldate = {2023-03-21},
  langid = {english}
}

@article{Lang.2009,
  title = {An Experimental Comparison of Chemical Traits and Litter Decomposition Rates in a Diverse Range of Subarctic Bryophyte, Lichen and Vascular Plant Species},
  author = {Lang, Simone I. and Cornelissen, Johannes H. C. and Klahn, Thorsten and {van Logtestijn}, Richard S. P. and Broekman, Rob and Schweikert, Wenka and Aerts, Rien},
  year = {2009},
  month = sep,
  journal = {Journal of Ecology},
  volume = {97},
  number = {5},
  pages = {886--900},
  issn = {00220477, 13652745},
  doi = {10.1111/j.1365-2745.2009.01538.x},
  urldate = {2021-08-18},
  langid = {english}
}

@article{Larmola.2006,
  title = {Spatial Patterns of Litter Decomposition in the Littoral Zone of Boreal Lakes},
  author = {Larmola, Tuula and Alm, Jukka and Juutinen, Sari and Koppisch, Dorothea and Augustin, J{\"u}rgen and Martikainen, Pertti J. and Silvola, Jouko},
  year = {2006},
  month = dec,
  journal = {Freshwater Biology},
  volume = {51},
  number = {12},
  pages = {2252--2264},
  publisher = {John Wiley \& Sons, Ltd},
  issn = {0046-5070},
  doi = {10.1111/j.1365-2427.2006.01649.x},
  urldate = {2023-01-05}
}

@misc{Lavallee.2017,
  title = {Replication Data for: {{Effects}} of Simulated Wastewater Nutrient Amendments on {{{\emph{Sphagnum}}}} Productivity and Decomposition within a Subarctic Ladder Fen},
  author = {Lavallee, Amanda and Campbell, Daniel},
  year = {2017},
  edition = {V1},
  publisher = {Borealis},
  doi = {10.5683/SP/AOEXWN},
  chapter = {2017-10-23 12:50:55.183}
}

@article{Lavallee.2019,
  title = {Effects of Simulated Treated Domestic Wastewater on {{{\emph{Sphagnum}}}} Productivity, Decomposition and Nutrient Dynamics in a Subarctic Ladder Fen},
  author = {Lavallee, Amanda and Campbell, Daniel},
  year = {2019},
  month = feb,
  journal = {Wetlands},
  volume = {39},
  number = {1},
  pages = {29--38},
  issn = {1943-6246},
  doi = {10.1007/s13157-018-1058-x}
}

@article{Lepilin.2022,
  title = {Response of Vegetation and Soil Biological Properties to Soil Deformation in Logging Trails of Drained Boreal Peatland Forests},
  author = {Lepilin, D. and Laur{\'e}n, A. and Uusitalo, J. and Fritze, H. and Laiho, R. and Kimura, B. and Tuittila, E.-S.},
  year = {2022},
  month = apr,
  journal = {Canadian Journal of Forest Research},
  volume = {52},
  number = {4},
  pages = {511--526},
  issn = {0045-5067, 1208-6037},
  doi = {10.1139/cjfr-2021-0176},
  urldate = {2023-01-13},
  langid = {english}
}

@article{Li.2020,
  title = {Effects of Microtopography on Absorptive and Transport Fine Root Biomass, Necromass, Production, Mortality and Decomposition in a Coastal Freshwater Forested Wetland, Southeastern {{USA}}},
  author = {Li, Xuefeng and Minick, Kevan J. and Luff, Jordan and Noormets, Asko and Miao, Guofang and Mitra, Bhaskar and Domec, Jean-Christophe and Sun, Ge and McNulty, Steven and King, John S.},
  year = {2020},
  month = sep,
  journal = {Ecosystems},
  volume = {23},
  number = {6},
  pages = {1294--1308},
  issn = {1432-9840, 1435-0629},
  doi = {10.1007/s10021-019-00470-x},
  urldate = {2023-01-13},
  langid = {english}
}

@article{Lieffers.1988,
  title = {{\emph{Sphagnum}} and Cellulose Decomosition in Drained and Natural Areas of an {{Alberta}} Peatland},
  author = {Lieffers, V. J.},
  year = {1988},
  month = nov,
  journal = {Canadian Journal of Soil Science},
  volume = {68},
  number = {4},
  pages = {755--761},
  issn = {0008-4271, 1918-1841},
  doi = {10.4141/cjss88-073},
  urldate = {2021-04-30},
  langid = {english}
}

@article{Limpens.2003,
  title = {How Litter Quality Affects Mass Loss and {{N}} Loss from Decomposing {{{\emph{Sphagnum}}}}},
  author = {Limpens, Juul and Berendse, Frank},
  year = {2003},
  month = dec,
  journal = {Oikos},
  volume = {103},
  number = {3},
  pages = {537--547},
  issn = {00301299},
  doi = {10.1034/j.1600-0706.2003.12707.x},
  urldate = {2021-04-19},
  langid = {english}
}

@article{Lind.2022,
  title = {Effects of Initial Leaching for Estimates of Mass Loss and Microbial Decomposition---{{Call}} for an Increased Nuance},
  author = {Lind, Lovisa and Harbicht, Andrew and Bergman, Eva and Edwartz, Johannes and Eckstein, Rolf Lutz},
  year = {2022},
  month = aug,
  journal = {Ecology and Evolution},
  volume = {12},
  number = {8},
  issn = {2045-7758, 2045-7758},
  doi = {10.1002/ece3.9118},
  urldate = {2023-07-31},
  langid = {english}
}

@misc{Liston.2021,
  title = {Global {{Seasonal-Snow Classification}}, {{Version}} 1},
  author = {Liston, Glenn},
  year = {2021},
  publisher = {{NASA National Snow and Ice Data Center Distributed Active Archive Center}},
  doi = {10.5067/99FTCYYYLAQ0},
  urldate = {2024-06-10}
}

@article{Liu.2019,
  title = {Hydraulic Properties of Peat Soils along a Bulk Density Gradient-{{A}} Meta Study},
  author = {Liu, Haojie and Lennartz, Bernd},
  year = {2019},
  month = jan,
  journal = {Hydrological Processes},
  volume = {33},
  number = {1},
  pages = {101--114},
  issn = {08856087},
  doi = {10.1002/hyp.13314},
  urldate = {2022-03-08},
  langid = {english}
}

@article{Loisel.2010a,
  title = {Late {{Holocene}} Paleoecohydrology and Carbon Accumulation Estimates from Two Boreal Peat Bogs in Eastern {{Canada}}: {{Potential}} and Limits of Multi-Proxy Archives},
  shorttitle = {Late {{Holocene}} Paleoecohydrology and Carbon Accumulation Estimates from Two Boreal Peat Bogs in Eastern {{Canada}}},
  author = {Loisel, Julie and Garneau, Michelle},
  year = {2010},
  month = may,
  journal = {Palaeogeography, Palaeoclimatology, Palaeoecology},
  volume = {291},
  number = {3-4},
  pages = {493--533},
  issn = {00310182},
  doi = {10.1016/j.palaeo.2010.03.020},
  urldate = {2021-08-31},
  langid = {english}
}

@article{Loisel.2017,
  title = {Insights and Issues with Estimating Northern Peatland Carbon Stocks and Fluxes since the {{Last Glacial Maximum}}},
  author = {Loisel, Julie and {van Bellen}, Simon and Pelletier, Luc and Talbot, Julie and Hugelius, Gustaf and Karran, Daniel and Yu, Zicheng and Nichols, Jonathan and Holmquist, James},
  year = {2017},
  month = feb,
  journal = {Earth-Science Reviews},
  volume = {165},
  pages = {59--80},
  issn = {00128252},
  doi = {10.1016/j.earscirev.2016.12.001},
  urldate = {2022-11-05},
  langid = {english}
}

@article{Magnan.2022,
  title = {Widespread Recent Ecosystem State Shifts in High-latitude Peatlands of Northeastern {{Canada}} and Implications for Carbon Sequestration},
  author = {Magnan, Gabriel and Sanderson, Nicole K. and Piilo, Sanna and Pratte, Steve and V{\"a}liranta, Minna and Van Bellen, Simon and Zhang, Hui and Garneau, Michelle},
  year = {2022},
  month = mar,
  journal = {Global Change Biology},
  volume = {28},
  number = {5},
  pages = {1919--1934},
  issn = {1354-1013, 1365-2486},
  doi = {10.1111/gcb.16032},
  urldate = {2024-08-26},
  langid = {english}
}

@article{Makila.2018,
  title = {{\emph{Sphagnum}} Decay Patterns and Bog Microtopography in South-Eastern {{Finland}}},
  author = {M{\"a}kil{\"a}, M. and S{\"a}{\"a}vuori, H. and Grundstr{\"o}m, A. and Suomi, T.},
  year = {2018},
  month = jul,
  journal = {Mires and Peat},
  number = {21},
  pages = {1--12},
  issn = {1819-754X},
  doi = {10.19189/MaP.2017.OMB.283},
  urldate = {2021-04-30},
  langid = {english}
}

@article{Malhotra.2018,
  title = {Post-Thaw Variability in Litter Decomposition Best Explained by Microtopography at an Ice-Rich Permafrost Peatland},
  author = {Malhotra, Avni and Moore, Tim R. and Limpens, Juul and Roulet, Nigel T.},
  year = {2018},
  month = jan,
  journal = {Arctic, Antarctic, and Alpine Research},
  volume = {50},
  number = {1},
  pages = {e1415622},
  issn = {1523-0430, 1938-4246},
  doi = {10.1080/15230430.2017.1415622},
  urldate = {2023-01-13},
  langid = {english}
}

@article{Maljanen.2014,
  title = {The Effect of Granulated Wood-Ash Fertilization on Soil Properties and Greenhouse Gas ({{GHG}}) Emissions in Boreal Peatland Forests},
  author = {Maljanen, Marja and Liimatainen, Maarit and Hyt{\"o}nen, Jyrki and Martikainen, Pertti J.},
  year = {2014},
  journal = {Boreal Environmental Research},
  volume = {19},
  number = {4},
  pages = {295--309}
}

@article{Manninen.2016,
  title = {Nitrogen Deposition Does Not Enhance {{{\emph{Sphagnum}}}} Decomposition},
  author = {Manninen, S. and Kivim{\"a}ki, S. and Leith, I.D. and Leeson, S.R. and Sheppard, L.J.},
  year = {2016},
  month = nov,
  journal = {Science of The Total Environment},
  volume = {571},
  pages = {314--322},
  issn = {00489697},
  doi = {10.1016/j.scitotenv.2016.07.152},
  urldate = {2023-01-13},
  langid = {english}
}

@article{Manzoni.2024,
  title = {Advances in Modelling Soil Microbial Dynamics},
  author = {Manzoni, Stefano and Schimel, Joshua P.},
  year = {2024},
  month = oct,
  journal = {Soil Biology and Biochemistry},
  volume = {197},
  pages = {109535},
  issn = {00380717},
  doi = {10.1016/j.soilbio.2024.109535},
  urldate = {2024-10-10},
  langid = {english}
}

@misc{Mao.2020,
  title = {Data for: {{Effects}} of Litter Mixtures on Decomposition Rate and Its Temperature Sensitivity in a Boreal Peatland},
  shorttitle = {Data For},
  author = {Mao, Rong},
  year = {2020},
  publisher = {Mendeley},
  doi = {10.17632/VR79PDTBP4.1},
  urldate = {2023-01-13},
  collaborator = {Finnegan, Patrick and Zhang, Xinhou and Wang, Xianwei and Tan, Wenwen},
  copyright = {, Attribution-NonCommercial 3.0 Unported (Embargo: 2020-01-29)}
}

@article{Maseyk.1999,
  title = {Photosynthetic Responses of {{New Zealand}} {{{\emph{Sphagnum}}}} Species},
  author = {Maseyk, K. S. and Green, T. G. A. and Klinac, D.},
  year = {1999},
  month = mar,
  journal = {New Zealand Journal of Botany},
  volume = {37},
  number = {1},
  pages = {155--165},
  issn = {0028-825X, 1175-8643},
  doi = {10.1080/0028825X.1999.9512621},
  urldate = {2023-10-11},
  langid = {english}
}

@article{Mastny.2018,
  title = {Quality of {{DOC}} Produced during Litter Decomposition of Peatland Plant Dominants},
  author = {Mastn{\'y}, J. and Ka{\v s}tovsk{\'a}, E. and B{\'a}rta, J. and Chro{\v n}{\'a}kov{\'a}, A. and Borovec, J. and {\v S}antr{\r u}{\v c}kov{\'a}, H. and Urbanov{\'a}, Z. and Edwards, K.R. and Picek, T.},
  year = {2018},
  month = jun,
  journal = {Soil Biology and Biochemistry},
  volume = {121},
  pages = {221--230},
  issn = {00380717},
  doi = {10.1016/j.soilbio.2018.03.018},
  urldate = {2023-07-27},
  langid = {english}
}

@article{Mauquoy.2010,
  title = {A Protocol for Plant Macrofossil Analysis of Peat Deposits},
  author = {Mauquoy, D and Hughes, P D M and {van Geel}, B},
  year = {2010},
  journal = {Mires and Peat},
  volume = {7},
  pages = {5},
  urldate = {2022-01-25},
  langid = {english}
}

@book{Mayo.1996,
  title = {Error and the Growth of Experimental Knowledge},
  author = {Mayo, Deborah G.},
  year = {1996},
  series = {Science and Its Conceptual Foundations},
  publisher = {University of Chicago Press},
  address = {Chicago},
  isbn = {978-0-226-51197-9 978-0-226-51198-6},
  lccn = {QA275 .M347 1996}
}

@article{McK.Pegman.2005,
  title = {Productivity-decomposition Dynamics of {{{\emph{Typha}}}}{\emph{ Orientalis}} at {{Kaitoke Swamp}}, {{Great Barrier Island}}, {{New Zealand}}},
  author = {McK. Pegman, Andrew P. and Ogden, J.},
  year = {2005},
  month = jan,
  journal = {New Zealand Journal of Botany},
  volume = {43},
  number = {4},
  pages = {779--789},
  publisher = {Taylor \& Francis},
  issn = {0028-825X},
  doi = {10.1080/0028825X.2005.9512990}
}

@article{McK.Pegman.2006,
  title = {Productivity-decomposition Dynamics of {{{\emph{Baumea}}}}{\emph{ Juncea}} and {{{\emph{Gleichenia}}}}{\emph{ Dicarpa}} at {{Kaitoke Swamp}}, {{Great Barrier Island}}, {{New Zealand}}},
  author = {McK. Pegman, Andrew P. and Ogden, J.},
  year = {2006},
  month = jan,
  journal = {New Zealand Journal of Botany},
  volume = {44},
  number = {3},
  pages = {261--271},
  publisher = {Taylor \& Francis},
  issn = {0028-825X},
  doi = {10.1080/0028825X.2006.9513023}
}

@article{MeiraNeto.2020,
  title = {Interactions between Snow Cover and Evaporation Lead to Higher Sensitivity of Streamflow to Temperature},
  author = {Meira Neto, Ant{\^o}nio Alves and Niu, Guo-Yue and Roy, Tirthankar and Tyler, Scott and Troch, Peter A.},
  year = {2020},
  month = dec,
  journal = {Communications Earth \& Environment},
  volume = {1},
  number = {1},
  pages = {56},
  issn = {2662-4435},
  doi = {10.1038/s43247-020-00056-9},
  urldate = {2024-03-27},
  langid = {english}
}

@article{Mitchell.2008,
  title = {Potential Implications of Differential Preservation of Testate Amoeba Shells for Paleoenvironmental Reconstruction in Peatlands},
  author = {Mitchell, Edward A. D. and Payne, Richard J. and Lamentowicz, Mariusz},
  year = {2008},
  month = aug,
  journal = {Journal of Paleolimnology},
  volume = {40},
  number = {2},
  pages = {603--618},
  issn = {0921-2728, 1573-0417},
  doi = {10.1007/s10933-007-9185-z},
  urldate = {2025-01-15},
  copyright = {http://www.springer.com/tdm},
  langid = {english}
}

@article{Mitchell.2013,
  title = {The Performance of Single- and Multi-Proxy Transfer Functions (Testate Amoebae, Bryophytes, Vascular Plants) for Reconstructing Mire Surface Wetness and {{pH}}},
  author = {Mitchell, Edward A.D. and Payne, Richard J. and Van Der Knaap, Willem O. and Lamentowicz, {\L}ukasz and G{\k a}bka, Maciej and Lamentowicz, Mariusz},
  year = {2013},
  month = jan,
  journal = {Quaternary Research},
  volume = {79},
  number = {1},
  pages = {6--13},
  issn = {0033-5894, 1096-0287},
  doi = {10.1016/j.yqres.2012.08.004},
  urldate = {2025-01-16},
  copyright = {https://www.cambridge.org/core/terms},
  langid = {english}
}

@article{Moilanen.2002,
  title = {Effects of Wood-Ash on the Tree Growth, Vegetation and Substrate Quality of a Drained Mire: A Case Study},
  author = {Moilanen, Mikko and Silfverberg, Klaus and Hokkanen, Timo J},
  year = {2002},
  month = nov,
  journal = {Forest Ecology and Management},
  volume = {171},
  number = {3},
  pages = {321--338},
  issn = {0378-1127},
  doi = {10.1016/S0378-1127(01)00789-7}
}

@article{Moore.2001,
  title = {Some Controls on the Release of Dissolved Organic Carbon by Plant Rissues and Soils},
  shorttitle = {Some Controls on the Release of Dissolved Organic Carbon by Plant Rissues and Soils},
  author = {Moore, T. R. and Dalva, M.},
  year = {2001},
  month = jan,
  journal = {Soil Science},
  volume = {166},
  number = {1},
  pages = {38--47},
  issn = {0038-075X},
  doi = {10.1097/00010694-200101000-00007},
  urldate = {2024-01-16},
  langid = {english}
}

@article{Moore.2005a,
  title = {Patterns of Decomposition and Carbon, Nitrogen, and Phosphorus Dynamics of Litter in Upland Forest and Peatland Sites in Central {{Canada}}},
  author = {Moore, T R and Trofymow, J A and Siltanen, M and Prescott, C and Group, CIDET Working},
  year = {2005},
  month = jan,
  journal = {Canadian Journal of Forest Research},
  volume = {35},
  number = {1},
  pages = {133--142},
  publisher = {NRC Research Press},
  issn = {0045-5067},
  doi = {10.1139/x04-149},
  urldate = {2023-01-04}
}

@article{Moore.2007,
  title = {Litter Decomposition in Temperate Peatland Ecosystems: {{The}} Effect of Substrate and Site},
  author = {Moore, Tim R. and Bubier, Jill L. and Bledzki, Leszek},
  year = {2007},
  month = sep,
  journal = {Ecosystems},
  volume = {10},
  number = {6},
  pages = {949--963},
  issn = {1435-0629},
  doi = {10.1007/s10021-007-9064-5}
}

@article{Morris.2011,
  title = {Groundwater Residence Time Distributions in Peatlands: {{Implications}} for Peat Decomposition and Accumulation},
  shorttitle = {Groundwater Residence Time Distributions in Peatlands},
  author = {Morris, P. J. and Waddington, J. M.},
  year = {2011},
  month = feb,
  journal = {Water Resources Research},
  volume = {47},
  number = {2},
  pages = {2010WR009492},
  issn = {0043-1397, 1944-7973},
  doi = {10.1029/2010WR009492},
  urldate = {2024-06-19},
  copyright = {http://onlinelibrary.wiley.com/termsAndConditions\#vor},
  langid = {english}
}

@article{Morris.2012,
  title = {The {{DigiBog}} Peatland Development Model 2: Ecohydrological Simulations in {{2D}}},
  shorttitle = {The {{DigiBog}} Peatland Development Model 2},
  author = {Morris, Paul J. and Baird, Andy J. and Belyea, Lisa R.},
  year = {2012},
  month = may,
  journal = {Ecohydrology},
  volume = {5},
  number = {3},
  pages = {256--268},
  issn = {19360584},
  doi = {10.1002/eco.229},
  urldate = {2022-09-25},
  langid = {english}
}

@article{Moyano.2013,
  title = {Responses of Soil Heterotrophic Respiration to Moisture Availability: {{An}} Exploration of Processes and Models},
  author = {Moyano, Fernando E. and Manzoni, Stefano and Chenu, Claire},
  year = {2013},
  month = apr,
  journal = {Soil Biology and Biochemistry},
  volume = {59},
  pages = {72--85},
  issn = {0038-0717},
  doi = {10.1016/j.soilbio.2013.01.002}
}

@article{Mozafari.2023,
  title = {Peatland Dynamics: {{A}} Review of Process-Based Models and Approaches},
  shorttitle = {Peatland Dynamics},
  author = {Mozafari, Behzad and Bruen, Michael and Donohue, Shane and {Renou-Wilson}, Florence and O'Loughlin, Fiachra},
  year = {2023},
  month = jun,
  journal = {Science of The Total Environment},
  volume = {877},
  pages = {162890},
  issn = {00489697},
  doi = {10.1016/j.scitotenv.2023.162890},
  urldate = {2023-10-06},
  langid = {english}
}

@article{Mudd.2009,
  title = {Impact of Dynamic Feedbacks between Sedimentation, Sea-Level Rise, and Biomass Production on near-Surface Marsh Stratigraphy and Carbon Accumulation},
  author = {Mudd, Simon M. and Howell, Susan M. and Morris, James T.},
  year = {2009},
  month = apr,
  journal = {Estuarine, Coastal and Shelf Science},
  volume = {82},
  number = {3},
  pages = {377--389},
  issn = {02727714},
  doi = {10.1016/j.ecss.2009.01.028},
  urldate = {2023-03-07},
  langid = {english}
}

@article{Muller.2023,
  title = {Incubation of Ombrotrophic Bog Litter and Mixtures of {{{\emph{Sphagnum}}}}{\emph{, }}{{{\emph{Betula}}}} and {{{\emph{Calluna}}}} Results in the Formation of Single Litter-Specific Decomposition Patterns},
  author = {M{\"u}ller, Raphael and Zahorka, Apoline and Holawe, Franz and Inselsbacher, Erich and Glatzel, Stephan},
  year = {2023},
  month = dec,
  journal = {Geoderma},
  volume = {440},
  pages = {116702},
  issn = {00167061},
  doi = {10.1016/j.geoderma.2023.116702},
  urldate = {2024-01-16},
  langid = {english}
}

@article{Murray.1989,
  title = {Water Content Effects on Photosynthetic Response of {{{\emph{Sphagnum}}}} Mosses from the Foothills of the {{Philip Smith Mountains}}, {{Alaska}}},
  author = {Murray, K. J. and Harley, P. C. and Beyers, J. and Walz, H. and Tenhunen, J. D.},
  year = {1989},
  journal = {Oecologia},
  volume = {79},
  number = {2},
  pages = {244--250},
  issn = {0029-8549, 1432-1939},
  doi = {10.1007/BF00388484},
  urldate = {2023-10-12},
  langid = {english}
}

@article{Nichols.2019,
  title = {Rapid Expansion of Northern Peatlands and Doubled Estimate of Carbon Storage},
  author = {Nichols, Jonathan E. and Peteet, Dorothy M.},
  year = {2019},
  month = nov,
  journal = {Nature Geoscience},
  volume = {12},
  number = {11},
  pages = {917--921},
  issn = {1752-0894, 1752-0908},
  doi = {10.1038/s41561-019-0454-z},
  urldate = {2022-01-27},
  langid = {english}
}

@article{Nikonova.2018,
  title = {Decomposition Rate of Peat-Forming Plants in the Oligotrophic Peatland at the First Stages of Destruction},
  author = {Nikonova, L G and Golovatskaya, E A and Terechshenko, N N},
  year = {2018},
  month = mar,
  journal = {IOP Conference Series: Earth and Environmental Science},
  volume = {138},
  pages = {012013},
  issn = {1755-1307, 1755-1315},
  doi = {10.1088/1755-1315/138/1/012013},
  urldate = {2023-01-13}
}

@article{Nikonova.2019,
  title = {Decomposition Rate of Peat-Forming Plants in Oligotrophic Bogs of the Southern {{Taiga}} Subzone of {{Western Siberia}}: {{Assessment}} of the Effect of Water Table Level and Peat Deposit Temperature},
  shorttitle = {Decomposition {{Rate}} of {{Peat-Forming Plants}} in {{Oligotrophic Bogs}} of the {{Southern Taiga Subzone}} of {{Western Siberia}}},
  author = {Nikonova, L. G. and Golovatskaya, E. A. and Kur'ina, I. V. and Kurganova, I. N.},
  year = {2019},
  month = sep,
  journal = {Eurasian Soil Science},
  volume = {52},
  number = {9},
  pages = {1101--1111},
  issn = {1064-2293, 1556-195X},
  doi = {10.1134/S1064229319090060},
  urldate = {2023-01-13},
  langid = {english}
}

@article{Norby.2023,
  title = {Shading Contributes to {{{\emph{Sphagnum}}}} Decline in Response to Warming},
  author = {Norby, Richard J. and Baxter, Taylor and {\v Z}ivkovi{\'c}, Tatjana and Weston, David J.},
  year = {2023},
  month = sep,
  journal = {Ecology and Evolution},
  volume = {13},
  number = {9},
  pages = {e10542},
  issn = {2045-7758, 2045-7758},
  doi = {10.1002/ece3.10542},
  urldate = {2023-10-12},
  langid = {english}
}

@article{Novak.2011,
  title = {Experimental {{Evidence}} for {{Mobility}}/{{Immobility}} of {{Metals}} in {{Peat}}},
  author = {Novak, Martin and Zemanova, Leona and Voldrichova, Petra and Stepanova, Marketa and Adamova, Marie and Pacherova, Petra and Komarek, Arnost and Krachler, Michael and Prechova, Eva},
  year = {2011},
  month = sep,
  journal = {Environmental Science \& Technology},
  volume = {45},
  number = {17},
  pages = {7180--7187},
  issn = {0013-936X, 1520-5851},
  doi = {10.1021/es201086v},
  urldate = {2024-06-22},
  langid = {english}
}

@article{Obradovic.2023,
  title = {Reoxidation of Reduced Peat Organic Matter by Dissolved Oxygen: {{Combined}} Laboratory Column-breakthrough Experiments and In-field Push-pull Tests},
  shorttitle = {Reoxidation of {{Reduced Peat Organic Matter}} by {{Dissolved Oxygen}}},
  author = {Obradovi{\'c}, Nikola and Joshi, Prachi and Arn, Silvan and Aeppli, Meret and Schroth, Martin H. and Sander, Michael},
  year = {2023},
  month = nov,
  journal = {Journal of Geophysical Research: Biogeosciences},
  volume = {128},
  number = {11},
  pages = {e2023JG007640},
  issn = {2169-8953, 2169-8961},
  doi = {10.1029/2023JG007640},
  urldate = {2024-02-18},
  langid = {english}
}

@article{Ogden.1993,
  title = {Climatic Implications of Macro- and Microfossil Assemblages from Late {{Pleistocene}} Deposits in Northern {{New Zealand}}},
  author = {Ogden, John and Newnham, Rewi M. and Palmer, Jonathan G. and Serra, Richard G. and Mitchell, Neil D.},
  year = {1993},
  journal = {Quaternary Research},
  edition = {2017/01/20},
  volume = {39},
  number = {1},
  pages = {107--119},
  publisher = {Cambridge University Press},
  issn = {0033-5894},
  doi = {10.1006/qres.1993.1013}
}

@article{Ohlson.1987,
  title = {Spatial Variation in Decomposition Rate of {{{\emph{Carex}}}}{\emph{ Rostrata}} Leaves on a {{Swedish}} Mire},
  author = {Ohlson, M.},
  year = {1987},
  month = dec,
  journal = {The Journal of Ecology},
  volume = {75},
  number = {4},
  eprint = {2260322},
  eprinttype = {jstor},
  pages = {1191},
  issn = {00220477},
  doi = {10.2307/2260322},
  urldate = {2023-01-17}
}

@article{Ojanen.2017,
  title = {Do Logging Residue Piles Trigger Extra Decomposition of Soil Organic Matter?},
  author = {Ojanen, Paavo and M{\"a}kiranta, P{\"a}ivi and Penttil{\"a}, Timo and Minkkinen, Kari},
  year = {2017},
  month = dec,
  journal = {Forest Ecology and Management},
  volume = {405},
  pages = {367--380},
  issn = {03781127},
  doi = {10.1016/j.foreco.2017.09.055},
  urldate = {2023-01-13},
  langid = {english}
}

@article{Orwin.2012,
  title = {Moss Species Effects on Peatland Carbon Cycling after Fire: {{Moss}} Species Effects on {{C}} Cycling after Fire},
  shorttitle = {Moss Species Effects on Peatland Carbon Cycling after Fire},
  author = {Orwin, Kate H. and Ostle, Nicholas J.},
  year = {2012},
  month = aug,
  journal = {Functional Ecology},
  volume = {26},
  number = {4},
  pages = {829--836},
  issn = {02698463},
  doi = {10.1111/j.1365-2435.2012.01991.x},
  urldate = {2023-01-12},
  langid = {english}
}

@article{Palozzi.2017,
  title = {Pure and Mixed Litters of {{{\emph{Sphagnum}}}} and {{{\emph{Carex}}}} Exhibit a Home-Field Advantage in Boreal Peatlands},
  author = {Palozzi, Julia E. and Lindo, Zo{\"e}},
  year = {2017},
  month = dec,
  journal = {Soil Biology and Biochemistry},
  volume = {115},
  pages = {161--168},
  issn = {00380717},
  doi = {10.1016/j.soilbio.2017.08.026},
  urldate = {2023-01-13},
  langid = {english}
}

@article{Payne.2007,
  title = {Laboratory Experiments on Testate Amoebae Preservation in Peats: {{Implications}} for Palaeoecology and Future Studies},
  author = {Payne, Richard},
  year = {2007},
  journal = {Acta Protozoologica},
  volume = {46},
  number = {4},
  pages = {325--332},
  publisher = {Jagiellonian University}
}

@article{Pearson.2017,
  title = {Decay of {{Scots}} Pine Coarse Woody Debris in Boreal Peatland Forests: {{Mass}} Loss and Nutrient Dynamics},
  shorttitle = {Decay of {{Scots}} Pine Coarse Woody Debris in Boreal Peatland Forests},
  author = {Pearson, Meeri and Laiho, Raija and Penttil{\"a}, Timo},
  year = {2017},
  month = oct,
  journal = {Forest Ecology and Management},
  volume = {401},
  pages = {304--318},
  issn = {03781127},
  doi = {10.1016/j.foreco.2017.07.021},
  urldate = {2023-01-13},
  langid = {english}
}

@misc{Pedersen.2020,
  title = {{{patchwork}}: {{The}} Composer of Plots},
  author = {Pedersen, Thomas Lin},
  year = {2020}
}

@article{Peli.2016,
  title = {Decomposition Rate, and Carbon and Nitrogen Dynamics of {{{\emph{Sphagnum}}}} Litter: {{Lessons}} from a Peat Bog},
  shorttitle = {Decomposition {{Rate}}, and {{Carbon}} and {{Nitrogen Dynamics}} of {{{\emph{Sphagnum}}}} {{Litter}}},
  author = {P{\'e}li, Evelin Ram{\'o}na and Nagy, J{\'a}nos and Cserhalmi, D{\'a}niel},
  year = {2016},
  month = jun,
  journal = {Polish Journal of Ecology},
  volume = {64},
  number = {2},
  pages = {231--240},
  issn = {1505-2249, 2450-1395},
  doi = {10.3161/15052249PJE2016.64.2.007},
  urldate = {2023-01-13},
  langid = {english}
}

@article{Peltoniemi.2012,
  title = {How Water-Level Drawdown Modifies Litter-Decomposing Fungal and Actinobacterial Communities in Boreal Peatlands},
  author = {Peltoniemi, Krista and Strakov{\'a}, Petra and Fritze, Hannu and Ir{\'a}izoz, Pablo Alvira and Pennanen, Taina and Laiho, Raija},
  year = {2012},
  month = aug,
  journal = {Soil Biology and Biochemistry},
  volume = {51},
  pages = {20--34},
  issn = {00380717},
  doi = {10.1016/j.soilbio.2012.04.013},
  urldate = {2023-01-12},
  langid = {english}
}

@article{Piatkowski.2021,
  title = {Natural Selection on a Carbon Cycling Trait Drives Ecosystem Engineering by {{{\emph{Sphagnum}}}} (Peat Moss)},
  author = {Piatkowski, Bryan T. and Yavitt, Joseph B. and Turetsky, Merritt R. and Shaw, A. Jonathan},
  year = {2021},
  month = aug,
  journal = {Proceedings of the Royal Society B: Biological Sciences},
  volume = {288},
  number = {1957},
  pages = {20210609},
  publisher = {Royal Society},
  doi = {10.1098/rspb.2021.0609},
  urldate = {2023-01-09}
}

@article{Piatkowski.2021a,
  title = {Online Data for "{{Natural}} Selection on a Carbon Cycling Trait Drives Ecosystem Engineering by {{{\emph{Sphagnum}}}} (Peat Moss)."},
  author = {Piatkowski, Bryan and Yavitt, Joseph B. and Turetsky, Merritt and Shaw, A. Jonathan},
  year = {2021},
  month = aug,
  doi = {10.6084/m9.figshare.14109725.v2}
}

@article{Pratte.2017,
  title = {Increased Atmospheric Dust Deposition during the {{Neoglacial}} in a Boreal Peat Bog from North-Eastern {{Canada}}},
  author = {Pratte, Steve and Garneau, Michelle and De Vleeschouwer, Fran{\c c}ois},
  year = {2017},
  month = mar,
  journal = {Palaeogeography, Palaeoclimatology, Palaeoecology},
  volume = {469},
  pages = {34--46},
  issn = {00310182},
  doi = {10.1016/j.palaeo.2016.12.036},
  urldate = {2024-10-22},
  langid = {english}
}

@article{Pratte.2017a,
  title = {Late-{{Holocene}} Atmospheric Dust Deposition in Eastern {{Canada}} ({{St}}. {{Lawrence North Shore}})},
  author = {Pratte, Steve and Garneau, Michelle and De Vleeschouwer, Fran{\c c}ois},
  year = {2017},
  month = jan,
  journal = {The Holocene},
  volume = {27},
  number = {1},
  pages = {12--25},
  issn = {0959-6836, 1477-0911},
  doi = {10.1177/0959683616646185},
  urldate = {2024-10-23},
  langid = {english}
}

@article{Prevost.1997,
  title = {Substrate Conditions in a Treed Peatland: {{Responses}} to Drainage},
  author = {Prevost, Marcel and Belleau, Pierre and Plamondon, Andr{\'e} P.},
  year = {1997},
  month = jan,
  journal = {{\'E}coscience},
  volume = {4},
  number = {4},
  pages = {543--554},
  publisher = {Taylor \& Francis},
  issn = {1195-6860},
  doi = {10.1080/11956860.1997.11682434}
}

@article{Primeau.2021,
  title = {Carbon Accumulation in Peatlands along a Boreal to Subarctic Transect in Eastern {{Canada}}},
  author = {Primeau, Guillaume and Garneau, Michelle},
  year = {2021},
  month = may,
  journal = {The Holocene},
  volume = {31},
  number = {5},
  pages = {858--869},
  issn = {0959-6836, 1477-0911},
  doi = {10.1177/0959683620988031},
  urldate = {2024-10-22},
  langid = {english}
}

@article{Qiu.2022,
  title = {A Strong Mitigation Scenario Maintains Climate Neutrality of Northern Peatlands},
  author = {Qiu, Chunjing and Ciais, Philippe and Zhu, Dan and Guenet, Bertrand and Chang, Jinfeng and Chaudhary, Nitin and Kleinen, Thomas and Li, XinYu and M{\"u}ller, Jurek and Xi, Yi and Zhang, Wenxin and Ballantyne, Ashley and Brewer, Simon C. and Brovkin, Victor and Charman, Dan J. and Gustafson, Adrian and {Gallego-Sala}, Angela V. and Gasser, Thomas and Holden, Joseph and Joos, Fortunat and Kwon, Min Jung and Lauerwald, Ronny and Miller, Paul A. and Peng, Shushi and Page, Susan and Smith, Benjamin and Stocker, Benjamin D. and Sannel, A. Britta K. and Salmon, Elodie and Schurgers, Guy and Shurpali, Narasinha J. and W{\aa}rlind, David and Westermann, Sebastian},
  year = {2022},
  month = jan,
  journal = {One Earth},
  volume = {5},
  number = {1},
  pages = {86--97},
  issn = {25903322},
  doi = {10.1016/j.oneear.2021.12.008},
  urldate = {2022-11-05},
  langid = {english}
}

@article{Quillet.2013,
  title = {Assessing the Role of Parameter Interactions in the Sensitivity Analysis of a Model of Peatland Dynamics},
  author = {Quillet, Anne and Frolking, Steve and Garneau, Michelle and Talbot, Julie and Peng, Changhui},
  year = {2013},
  month = jan,
  journal = {Ecological Modelling},
  volume = {248},
  pages = {30--40},
  issn = {03043800},
  doi = {10.1016/j.ecolmodel.2012.08.023},
  urldate = {2023-11-21},
  langid = {english}
}

@article{Quillet.2013a,
  title = {Sobol' Sensitivity Analysis of the {{Holocene Peat Model}}: {{What}} Drives Carbon Accumulation in Peatlands?},
  shorttitle = {Sobol' Sensitivity Analysis of the {{Holocene Peat Model}}},
  author = {Quillet, Anne and Garneau, Michelle and Frolking, Steve},
  year = {2013},
  month = mar,
  journal = {Journal of Geophysical Research: Biogeosciences},
  volume = {118},
  number = {1},
  pages = {203--214},
  issn = {2169-8953, 2169-8961},
  doi = {10.1029/2012JG002092},
  urldate = {2023-11-21},
  langid = {english}
}

@article{Quillet.2015,
  title = {Integration of Palaeohydrological Proxies into a Peatland Model: A New Tool for Palaeoecological Studies},
  shorttitle = {Integration of Palaeohydrological Proxies into a Peatland Model},
  author = {Quillet, Anne and Garneau, Michelle and Van Bellen, Simon and Frolking, Steve and Tuittila, Eeva-Stiina},
  year = {2015},
  month = mar,
  journal = {Ecohydrology},
  volume = {8},
  number = {2},
  pages = {214--229},
  issn = {1936-0584, 1936-0592},
  doi = {10.1002/eco.1501},
  urldate = {2024-06-06},
  copyright = {http://onlinelibrary.wiley.com/termsAndConditions\#vor},
  langid = {english}
}

@article{Rango.1995,
  title = {Revisiting the Degree-Day Method for Snowmelt Computations},
  author = {Rango, A. and Martinec, J.},
  year = {1995},
  month = aug,
  journal = {JAWRA Journal of the American Water Resources Association},
  volume = {31},
  number = {4},
  pages = {657--669},
  issn = {1093-474X, 1752-1688},
  doi = {10.1111/j.1752-1688.1995.tb03392.x},
  urldate = {2024-06-10},
  copyright = {http://onlinelibrary.wiley.com/termsAndConditions\#vor},
  langid = {english}
}

@manual{RCoreTeam.2022,
  type = {Manual},
  title = {R: {{A}} Language and Environment for Statistical Computing},
  author = {{R Core Team}},
  year = {2022},
  address = {Vienna, Austria},
  institution = {R Foundation for Statistical Computing}
}

@article{Reader.1972,
  title = {The Relationship between Net Primary Production and Accumulation for a Peatland in Southeastern {{Manitoba}}},
  author = {Reader, R. J. and Stewart, J. M.},
  year = {1972},
  month = nov,
  journal = {Ecology},
  volume = {53},
  number = {6},
  pages = {1024--1037},
  issn = {00129658},
  doi = {10.2307/1935415},
  urldate = {2021-04-30},
  langid = {english}
}

@article{Reuter.2020,
  title = {Evidence for Preferential Protein Depolymerization in Wetland Soils in Response to External Nitrogen Availability Provided by a Novel {{FTIR}} Routine},
  author = {Reuter, Hendrik and Gensel, Julia and Elvert, Marcus and Zak, Dominik},
  year = {2020},
  month = jan,
  journal = {Biogeosciences},
  volume = {17},
  number = {2},
  pages = {499--514},
  issn = {1726-4189},
  doi = {10.5194/bg-17-499-2020},
  urldate = {2022-02-15},
  langid = {english}
}

@article{Rice.2008,
  title = {Do Bryophyte Shoot Systems Function like Vascular Plant Leaves or Canopies? {{Functional}} Trait Relationships in {{{\emph{Sphagnum}}}} Mosses ({{Sphagnaceae}})},
  shorttitle = {Do Bryophyte Shoot Systems Function like Vascular Plant Leaves or Canopies?},
  author = {Rice, Steven K. and Aclander, Lynn and Hanson, David T.},
  year = {2008},
  month = nov,
  journal = {American Journal of Botany},
  volume = {95},
  number = {11},
  pages = {1366--1374},
  issn = {0002-9122, 1537-2197},
  doi = {10.3732/ajb.0800019},
  urldate = {2023-10-12},
  langid = {english}
}

@article{Robitaille.2021,
  title = {Long-Term and Recent Ecohydrological Dynamics of Patterned Peatlands in North-Central {{Quebec}} ({{Canada}})},
  author = {Robitaille, Myl{\`e}ne and Garneau, Michelle and Van Bellen, Simon and Sanderson, Nicole K},
  year = {2021},
  month = may,
  journal = {The Holocene},
  volume = {31},
  number = {5},
  pages = {844--857},
  issn = {0959-6836, 1477-0911},
  doi = {10.1177/0959683620988051},
  urldate = {2024-10-22},
  langid = {english}
}

@article{Rochefort.1990,
  title = {Growth, Production, and Decomposition Dynamics of {{{\emph{Sphagnum}}}} under Natural and Experimentally Acidified Conditions},
  author = {Rochefort, Line and Vitt, Dale H. and Bayley, Suzanne E.},
  year = {1990},
  month = oct,
  journal = {Ecology},
  volume = {71},
  number = {5},
  pages = {1986--2000},
  issn = {00129658},
  doi = {10.2307/1937607},
  urldate = {2021-04-30},
  langid = {english}
}

@incollection{Rosswall.1975,
  title = {Plant Litter Decomposition at {{Fennoscandian}} Tundra Sites},
  booktitle = {Fennoscandian {{Tundra Ecosystems}}},
  author = {Rosswall, T. and Veum, A. K. and K{\"a}renlampi, L.},
  editor = {Billings, W. D. and Golley, F. and Lange, O. L. and Olson, J. S. and Wielgolaski, F. E.},
  year = {1975},
  volume = {16},
  pages = {268--278},
  publisher = {Springer Berlin Heidelberg},
  address = {Berlin, Heidelberg},
  doi = {10.1007/978-3-642-80937-8_31},
  urldate = {2023-01-17},
  isbn = {978-3-642-80939-2 978-3-642-80937-8}
}

@article{Rovira.2010,
  title = {Fitting Litter Decomposition Datasets to Mathematical Curves: {{Towards}} a Generalised Exponential Approach},
  shorttitle = {Fitting Litter Decomposition Datasets to Mathematical Curves},
  author = {Rovira, Pere and Rovira, Ricard},
  year = {2010},
  month = mar,
  journal = {Geoderma},
  volume = {155},
  number = {3-4},
  pages = {329--343},
  issn = {00167061},
  doi = {10.1016/j.geoderma.2009.11.033},
  urldate = {2023-06-23},
  langid = {english}
}

@article{Rydin.1985,
  title = {Photosynthesis in {{{\emph{Sphagnum}}}} at Different Water Contents},
  author = {Rydin, H{\aa}kan and Mcdonald, A. J. S.},
  year = {1985},
  month = jan,
  journal = {Journal of Bryology},
  volume = {13},
  number = {4},
  pages = {579--584},
  issn = {0373-6687, 1743-2820},
  doi = {10.1179/jbr.1985.13.4.579},
  urldate = {2023-10-12},
  langid = {english}
}

@book{Rydin.2013,
  title = {The Biology of Peatlands},
  author = {Rydin, H{\aa}kan and Jeglum, J. K. and Bennett, Keith D.},
  year = {2013},
  series = {Biology of Habitats},
  edition = {2nd ed},
  publisher = {Oxford University Press},
  address = {Oxford},
  isbn = {978-0-19-960299-5 978-0-19-960300-8},
  langid = {english},
  lccn = {QK938.P42 R93 2013},
  annotation = {OCLC: ocn840132559}
}

@book{Saltelli.2002,
  title = {Sensitivity Analysis in Practice: {{A}} Guide to Assessing Scientific Models},
  shorttitle = {Sensitivity {{Analysis}} in {{Practice}}},
  author = {Saltelli, Andrea and Tarantola, Stefano and Campolongo, Francesca and Ratto, Marco},
  year = {2002},
  month = feb,
  edition = {1},
  publisher = {Wiley},
  doi = {10.1002/0470870958},
  urldate = {2023-12-14},
  isbn = {978-0-470-87093-8 978-0-470-87095-2},
  langid = {english}
}

@article{Sanger.1994,
  title = {The Effects of Acidity on Carbon Fluxes from Ombrotrophic Peat},
  author = {Sanger, L. J. and Billett, M. F. and Cresser, M. S.},
  year = {1994},
  month = jan,
  journal = {Chemistry and Ecology},
  volume = {8},
  number = {4},
  pages = {249--264},
  publisher = {Taylor \& Francis},
  issn = {0275-7540},
  doi = {10.1080/02757549408038552}
}

@article{Schaaff.2023,
  title = {Modeling the Decomposition Signal and Correcting Bulk Organic Data from a Peat Deposit, a Case Study at Low Latitudes ({{Cameroon}})},
  author = {Schaaff, Valentine and Sebag, David and Makou, Matthew and Grossi, Vincent and Antheaume, Ingrid and Hamelin, Bruno and Garcin, Yannick and Ngounou Ngatcha, Benjamin and Deschamps, Pierre and M{\'e}not, Guillemette},
  year = {2023},
  month = may,
  journal = {Organic Geochemistry},
  volume = {179},
  pages = {104589},
  issn = {01466380},
  doi = {10.1016/j.orggeochem.2023.104589},
  urldate = {2024-10-02},
  langid = {english}
}

@article{Scheffer.2000,
  title = {Root Decomposition and Soil Nutrient and Carbon Cycling in Two Temperate Fen Ecosystems},
  author = {Scheffer, Robbert A. and Aerts, Rien},
  year = {2000},
  month = dec,
  journal = {Oikos},
  volume = {91},
  number = {3},
  pages = {541--549},
  publisher = {John Wiley \& Sons, Ltd},
  issn = {0030-1299},
  doi = {10.1034/j.1600-0706.2000.910316.x},
  urldate = {2023-01-02}
}

@article{Scheffer.2001,
  title = {Decomposition of {{{\emph{Carex}}}} and {{{\emph{Sphagnum}}}} Litter in Two Mesotrophic Fens Differing in Dominant Plant Species},
  author = {Scheffer, R. A. and Van Logtestijn, R. S. P and Verhoeven, J. T. A.},
  year = {2001},
  month = jan,
  journal = {Oikos},
  volume = {92},
  number = {1},
  pages = {44--54},
  issn = {00301299},
  doi = {10.1034/j.1600-0706.2001.920106.x},
  urldate = {2021-04-27},
  langid = {english}
}

@article{Schipperges.1998,
  title = {Response of Photosynthesis of {{{\emph{Sphagnum}}}} Species from Contrasting Microhabitats to Tissue Water Content and Repeated Desiccation},
  author = {Schipperges, B. and Rydin, H.},
  year = {1998},
  month = dec,
  journal = {New Phytologist},
  volume = {140},
  number = {4},
  pages = {677--684},
  issn = {0028-646X, 1469-8137},
  doi = {10.1046/j.1469-8137.1998.00311.x},
  urldate = {2023-10-11},
  langid = {english}
}

@article{Schwieger.2021,
  title = {Wetter Is Better: {{Rewetting}} of Minerotrophic Peatlands Increases Plant Production and Moves Them towards Carbon Sinks in a Dry Year},
  shorttitle = {Wetter Is {{Better}}},
  author = {Schwieger, Sarah and Kreyling, Juergen and Couwenberg, John and Smiljani{\'c}, Marko and Weigel, Robert and Wilmking, Martin and {Blume-Werry}, Gesche},
  year = {2021},
  month = aug,
  journal = {Ecosystems},
  volume = {24},
  number = {5},
  pages = {1093--1109},
  issn = {1432-9840, 1435-0629},
  doi = {10.1007/s10021-020-00570-z},
  urldate = {2023-01-13},
  langid = {english}
}

@article{Siegel.1995,
  title = {Climate-Driven Flushing of Pore Water in Peatlands},
  author = {Siegel, D. I. and Reeve, A. S. and Glaser, P. H. and Romanowicz, E. A.},
  year = {1995},
  month = apr,
  journal = {Nature},
  volume = {374},
  number = {6522},
  pages = {531--533},
  issn = {0028-0836, 1476-4687},
  doi = {10.1038/374531a0},
  urldate = {2024-02-16},
  langid = {english}
}

@article{Siegenthaler.2010,
  title = {Litter- and Ecosystem-Driven Decomposition under Elevated {{CO}}{\textsubscript{2}} and Enhanced {{N}} Deposition in a {{{\emph{Sphagnum}}}} Peatland},
  author = {Siegenthaler, Andy and Buttler, Alexandre and Bragazza, Luca and van der Heijden, Edwin and Grosvernier, Philippe and Gobat, Jean-Michel and Mitchell, Edward A.D.},
  year = {2010},
  month = jun,
  journal = {Soil Biology and Biochemistry},
  volume = {42},
  number = {6},
  pages = {968--977},
  issn = {00380717},
  doi = {10.1016/j.soilbio.2010.02.016},
  urldate = {2023-01-11},
  langid = {english}
}

@article{Silvola.1990,
  title = {Combined Effects of Varying Water Content and {{CO}}{\textsubscript{2}} Concentration on Photosynthesis in {{{\emph{Spagnum}}}}{\emph{ Fuscum}}},
  author = {Silvola, Jouko},
  year = {1990},
  journal = {Holarctic Ecology},
  volume = {13},
  number = {3},
  eprint = {3682506},
  eprinttype = {jstor},
  pages = {224--228},
  publisher = {[Nordic Society Oikos, Wiley]},
  issn = {01059327},
  urldate = {2023-10-12}
}

@article{Slapokas.1991,
  title = {Decomposition of Litter in Fertilized Short-Rotation Forests on a Low-Humified Peat Bog},
  author = {{\v S}lapokas, Tommy and Granhall, Ulf},
  year = {1991},
  month = jun,
  journal = {Forest Ecology and Management},
  volume = {41},
  number = {1},
  pages = {143--165},
  issn = {0378-1127},
  doi = {10.1016/0378-1127(91)90125-F}
}

@article{Smith.1986,
  title = {Decomposition of Grass and Moss Litter in Subantarctic Tundra},
  author = {Smith, {\relax MJ} and Walton, DW H},
  year = {1986},
  journal = {Pedobiologia (Jena)},
  volume = {29},
  number = {3},
  pages = {193--200}
}

@article{Stackpoole.2008,
  title = {Nitrogen Conservation Strategies of Cranberry Plants and Ericoid Mycorrhizal Fungi in an Agroecosystem},
  author = {Stackpoole, Sarah M. and Workmaster, Beth Ann A. and Jackson, Randall D. and Kosola, Kevin R.},
  year = {2008},
  month = nov,
  journal = {Soil Biology and Biochemistry},
  volume = {40},
  number = {11},
  pages = {2736--2742},
  issn = {0038-0717},
  doi = {10.1016/j.soilbio.2008.07.017}
}

@misc{StanDevelopmentTeam.2021a,
  title = {Stan {{Modeling Language Users Guide}} and {{Reference Manual}}},
  author = {{Stan Development Team}},
  year = {2021}
}

@misc{StanDevelopmentTeam.2021b,
  title = {{{RStan}}: The {{R}} Interface to {{Stan}}},
  author = {{Stan Development Team}},
  year = {2021},
  urldate = {2024-01-18}
}

@article{Strakova.2010,
  title = {Litter Quality and Its Response to Water Level Drawdown in Boreal Peatlands at Plant Species and Community Level},
  author = {Strakov{\'a}, Petra and Anttila, Jani and Spetz, Peter and Kitunen, Veikko and Tapanila, Tarja and Laiho, Raija},
  year = {2010},
  month = oct,
  journal = {Plant and Soil},
  volume = {335},
  number = {1-2},
  pages = {501--520},
  issn = {0032-079X, 1573-5036},
  doi = {10.1007/s11104-010-0447-6},
  urldate = {2021-06-02},
  langid = {english}
}

@article{Strakova.2012,
  title = {Disentangling Direct and Indirect Effects of Water Table Drawdown on Above- and Belowground Plant Litter Decomposition: Consequences for Accumulation of Organic Matter in Boreal Peatlands},
  shorttitle = {Disentangling Direct and Indirect Effects of Water Table Drawdown on Above- and Belowground Plant Litter Decomposition},
  author = {Strakov{\'a}, Petra and Penttil{\"a}, Timo and Laine, Jukka and Laiho, Raija},
  year = {2012},
  month = jan,
  journal = {Global Change Biology},
  volume = {18},
  number = {1},
  pages = {322--335},
  issn = {13541013},
  doi = {10.1111/j.1365-2486.2011.02503.x},
  urldate = {2023-01-11},
  langid = {english}
}

@article{Sturm.1995,
  title = {A {{Seasonal}} Snow Cover Classification System for Local to Global Applications},
  author = {Sturm, Matthew and Holmgren, Jon and Liston, Glen E.},
  year = {1995},
  month = may,
  journal = {Journal of Climate},
  volume = {8},
  number = {5},
  pages = {1261--1283},
  issn = {0894-8755, 1520-0442},
  doi = {10.1175/1520-0442(1995)008<1261:ASSCCS>2.0.CO;2},
  urldate = {2024-06-10},
  langid = {english}
}

@article{Sturm.2010,
  title = {Estimating Snow Water Equivalent Using Snow Depth Data and Climate Classes},
  author = {Sturm, Matthew and Taras, Brian and Liston, Glen E. and Derksen, Chris and Jonas, Tobias and Lea, Jon},
  year = {2010},
  month = dec,
  journal = {Journal of Hydrometeorology},
  volume = {11},
  number = {6},
  pages = {1380--1394},
  publisher = {American Meteorological Society},
  address = {Boston MA, USA},
  doi = {10.1175/2010JHM1202.1},
  langid = {english}
}

@article{Sturm.2021,
  title = {Revisiting the {{Global Seasonal Snow Classification}}: {{An}} Updated Dataset for {{Earth}} System Applications},
  shorttitle = {Revisiting the {{Global Seasonal Snow Classification}}},
  author = {Sturm, Matthew and Liston, Glen E.},
  year = {2021},
  month = sep,
  journal = {Journal of Hydrometeorology},
  issn = {1525-755X, 1525-7541},
  doi = {10.1175/JHM-D-21-0070.1},
  urldate = {2024-06-10}
}

@article{Swindles.2007,
  title = {Examining the Dissolution Characteristics of Testate Amoebae ({{Protozoa}}: {{Rhizopoda}}) in Low {{pH}} Conditions: {{Implications}} for Peatland Palaeoclimate Studies},
  shorttitle = {Examining the Dissolution Characteristics of Testate Amoebae ({{Protozoa}}},
  author = {Swindles, Graeme T. and Roe, Helen M.},
  year = {2007},
  month = sep,
  journal = {Palaeogeography, Palaeoclimatology, Palaeoecology},
  volume = {252},
  number = {3-4},
  pages = {486--496},
  issn = {00310182},
  doi = {10.1016/j.palaeo.2007.05.004},
  urldate = {2024-10-31},
  copyright = {https://www.elsevier.com/tdm/userlicense/1.0/},
  langid = {english}
}

@article{Swindles.2015,
  title = {Testing Peatland Water-Table Depth Transfer Functions Using High-Resolution Hydrological Monitoring Data},
  author = {Swindles, Graeme T. and Holden, Joseph and Raby, Cassandra L. and Turner, T. Edward and Blundell, Antony and Charman, Dan J. and Menberu, Meseret Walle and Kl{\o}ve, Bj{\o}rn},
  year = {2015},
  journal = {Quaternary Science Reviews},
  volume = {120},
  pages = {107--117},
  issn = {0277-3791},
  doi = {10.1016/j.quascirev.2015.04.019}
}

@article{Swindles.2020,
  title = {Quantifying the Effect of Testate Amoeba Decomposition on Peat-Based Water-Table Reconstructions},
  author = {Swindles, Graeme T. and Roland, Thomas P. and Amesbury, Matthew J. and Lamentowicz, Mariusz and McKeown, Michelle M. and Sim, Thomas G. and Fewster, Richard E. and Mitchell, Edward A.D.},
  year = {2020},
  month = jun,
  journal = {European Journal of Protistology},
  volume = {74},
  pages = {125693},
  issn = {09324739},
  doi = {10.1016/j.ejop.2020.125693},
  urldate = {2024-10-31},
  langid = {english}
}

@article{Sytiuk.2023,
  title = {Linkages between {{{\emph{Sphagnum}}}} Metabolites and Peatland {\textsc{ }}{{{\textsc{CO}}}}{\textsc{{\textsubscript{2}}}}{\textsc{ }} Uptake Are Sensitive to Seasonality in Warming Trends},
  shorttitle = {Linkages between {{{\emph{Sphagnum}}}} Metabolites and Peatland},
  author = {Sytiuk, Anna and Hamard, Samuel and C{\'e}r{\'e}ghino, R{\'e}gis and Dorrepaal, Ellen and Geissel, Honorine and K{\"u}ttim, Martin and Lamentowicz, Mariusz and Tuittila, Eeva Stiina and Jassey, Vincent E. J.},
  year = {2023},
  month = feb,
  journal = {New Phytologist},
  volume = {237},
  number = {4},
  pages = {1164--1178},
  issn = {0028-646X, 1469-8137},
  doi = {10.1111/nph.18601},
  urldate = {2024-01-19},
  langid = {english}
}

@article{Szumigalski.1996,
  title = {Decomposition along a Bog to Rich Fen Gradient in Central {{Alberta}}, {{Canada}}},
  author = {Szumigalski, Anthony R. and Bayley, Suzanne E.},
  year = {1996},
  month = apr,
  journal = {Canadian Journal of Botany},
  volume = {74},
  number = {4},
  pages = {573--581},
  issn = {0008-4026},
  doi = {10.1139/b96-073},
  urldate = {2023-01-01},
  langid = {english}
}

@article{Tarvainen.2013,
  title = {Mineralization and Decomposition Rates in Restored Pine Fens},
  shorttitle = {Mineralization and {{Decomposition Rates}} in {{Restored Pine Fens}}},
  author = {Tarvainen, Oili and Laine, Anna M. and Peltonen, Mari and Tolvanen, Anne},
  year = {2013},
  month = sep,
  journal = {Restoration Ecology},
  volume = {21},
  number = {5},
  pages = {592--599},
  issn = {10612971},
  doi = {10.1111/j.1526-100X.2012.00930.x},
  urldate = {2023-01-13},
  langid = {english}
}

@article{Taylor.1996,
  title = {Variable Effects of Air-Drying on Leaching Losses from Tree Leaf Litter},
  author = {Taylor, Barry R. and B{\"a}rlocher, Felix},
  year = {1996},
  month = jun,
  journal = {Hydrobiologia},
  volume = {325},
  number = {3},
  pages = {173--182},
  issn = {0018-8158, 1573-5117},
  doi = {10.1007/BF00014982},
  urldate = {2023-11-21},
  langid = {english}
}

@article{Taylor.2017,
  title = {The Recovery of {{{\emph{Sphagnum}}}}{\emph{ Capillifolium}} Following Exposure to Temperatures of Simulatedmoorland Fires: A Glasshouse Experiment},
  shorttitle = {The Recovery of {{{\emph{Sphagnum}}}}{\emph{ Capillifolium}} Following Exposure to Temperatures of Simulatedmoorland Fires},
  author = {Taylor, Emily S. and Levy, Peter E. and Gray, Alan},
  year = {2017},
  month = jan,
  journal = {Plant Ecology \& Diversity},
  volume = {10},
  number = {1},
  pages = {77--88},
  issn = {1755-0874, 1755-1668},
  doi = {10.1080/17550874.2017.1302017},
  urldate = {2023-10-12},
  langid = {english}
}

@misc{Teickner.2023b,
  type = {Preprint},
  title = {Comment on {{Hodgkins}} et al. (2018)},
  author = {Teickner, Henning and Knorr, Klaus-Holger},
  year = {2023},
  month = dec,
  publisher = {Biochemistry},
  doi = {10.31223/X5XH5V},
  urldate = {2023-12-08},
  archiveprefix = {Biochemistry}
}

@misc{Teickner.2024,
  title = {A Synthesis of {{{\emph{Sphagnum}}}} Litterbag Experiments: {{Initial}} Leaching Losses Bias Decomposition Rate Estimates},
  author = {Teickner, Henning and Pebesma, Edzer and Knorr, Klaus-Holger},
  year = {2024},
  publisher = {Unpublished preprint},
  archiveprefix = {Unpublished preprint}
}

@misc{Teickner.2024a,
  title = {Underestimation of Anaerobic Decomposition Rates in {{{\emph{Sphagnum}}}} Litterbag Experiments by the {{Holocene Peatland Model}} Depends on Initial Leaching Losses},
  author = {Teickner, Henning and Pebesma, Edzer and Knorr, Klaus-Holger},
  year = {2024},
  publisher = {Unpublished preprint},
  archiveprefix = {Unpublished preprint}
}

@misc{Teickner.2024b,
  title = {{{hpmdpredict}}: {{Predictions}} with Model {{HPMe-LE-peat-l0}} from {{Teickner}} et al. (2024)},
  shorttitle = {Hpmdpredict},
  author = {Teickner, Henning and Knorr, Klaus-Holger},
  year = {2024},
  month = may,
  doi = {10.5281/ZENODO.11339733},
  urldate = {2024-05-27},
  copyright = {GNU General Public License v3.0 or later},
  howpublished = {Zenodo},
  langid = {english}
}

@misc{Teickner.2024c,
  title = {Peatland {{Decomposition Database}} (1.0.0)},
  author = {Teickner, Henning and Knorr, Klaus-Holger},
  year = {2024},
  month = may,
  publisher = {Zenodo},
  doi = {10.5281/ZENODO.11276065},
  urldate = {2024-05-24},
  copyright = {Creative Commons Attribution 4.0 International},
  langid = {english}
}

@misc{Teickner.2024e,
  title = {Compendium of {{R}} Code and Data for "{{A Synthesis}} of {{{\emph{Sphagnum}}}} {{Litterbag Experiments}}: {{Initial Leaching Losses Bias Decomposition Rate Estimates}}" and "{{Underestimation}} of {{Anaerobic Decomposition Rates}} in {{{\emph{Sphagnum}}}} {{Litterbag Experiments}} by the {{Holocene Peatland Model Depends}} on {{Initial Leaching Losses}}"},
  shorttitle = {Compendium of {{R}} Code and Data for "{{A Synthesis}} of {{Sphagnum Litterbag Experiments}}},
  author = {Teickner, Henning and Pebesma, Edzer and Knorr, Klaus-Holger},
  year = {2024},
  month = jun,
  doi = {10.5281/ZENODO.11472955},
  urldate = {2024-06-04},
  copyright = {Creative Commons Attribution 4.0 International, GNU General Public License v3.0 or later},
  howpublished = {Zenodo},
  langid = {english}
}

@misc{Teickner.2024f,
  title = {A Synthesis of {{{\emph{Sphagnum}}}} Litterbag Experiments: {{Initial}} Leaching Losses Bias Decomposition Rate Estimates},
  author = {Teickner, Henning and Pebesma, Edzer and Knorr, Klaus-Holger},
  year = {2024},
  doi = {10.5194/egusphere-2024-1686}
}

@misc{Teickner.2024g,
  title = {Underestimation of Anaerobic Decomposition Rates in {{{\emph{Sphagnum}}}} Litterbag Experiments by the {{Holocene Peatland Model}} Depends on Initial Leaching Losses},
  author = {Teickner, Henning and Pebesma, Edzer and Knorr, Klaus-Holger},
  year = {2024},
  month = jun,
  doi = {10.5194/egusphere-2024-1739},
  urldate = {2024-07-10},
  copyright = {https://creativecommons.org/licenses/by/4.0/}
}

@misc{Teickner.2024j,
  title = {Compendium of {{R}} Code and Data for "{{A Synthesis}} of {{{\emph{Sphagnum}}}} {{Litterbag Experiments}}: {{Initial Leaching Losses Bias Decomposition Rate Estimates}}" and "{{Underestimation}} of {{Anaerobic Decomposition Rates}} in {{{\emph{Sphagnum}}}} {{Litterbag Experiments}} by the {{Holocene Peatland Model Depends}} on {{Initial Leaching Losses}}".},
  shorttitle = {Compendium of {{R}} Code and Data for "{{A Synthesis}} of {{Sphagnum Litterbag Experiments}}},
  author = {Teickner, Henning and Pebesma, Edzer and Knorr, Klaus-Holger},
  year = {2024},
  month = oct,
  doi = {10.5281/ZENODO.14012824},
  urldate = {2024-10-30},
  copyright = {Creative Commons Attribution 4.0 International, GNU General Public License v3.0 or later},
  howpublished = {Zenodo},
  langid = {english}
}

@article{Teickner.2025,
  title = {A Synthesis of {{{\emph{Sphagnum}}}} Litterbag Experiments: Initial Leaching Losses Bias Decomposition Rate Estimates},
  shorttitle = {A Synthesis of {{{\emph{Sphagnum}}}} Litterbag Experiments},
  author = {Teickner, Henning and Pebesma, Edzer and Knorr, Klaus-Holger},
  year = {2025},
  month = jan,
  journal = {Biogeosciences},
  volume = {22},
  number = {2},
  pages = {417--433},
  issn = {1726-4189},
  doi = {10.5194/bg-22-417-2025},
  urldate = {2025-01-23},
  copyright = {https://creativecommons.org/licenses/by/4.0/},
  langid = {english}
}

@misc{Teickner.2025a,
  title = {Compendium of {{R}} Code and Data for "{{A Synthesis}} of {{Sphagnum Litterbag Experiments}}: {{Initial Leaching Losses Bias Decomposition Rate Estimates}}" and "{{Peat Oxic}} and {{Anoxic Controls}} of {{Sphagnum Decomposition Rates}} in the {{Holocene Peatland Model Decomposition Module Estimated}} from {{Litterbag Data}}"},
  shorttitle = {Henningte/Eb1125},
  author = {Teickner, Henning and Pebesma, Edzer and Knorr, Klaus-Holger},
  year = {2025},
  month = jan,
  doi = {10.5281/ZENODO.14723909},
  urldate = {2025-01-23},
  copyright = {GNU General Public License v3.0 only},
  howpublished = {Zenodo}
}

@misc{Teickner.2025b,
  title = {{{hpmdpredict}}: {{Predictions}} with Model {{HPMe-leaching}} from {{Teickner}} et al. (2024)},
  shorttitle = {Hpmdpredict},
  author = {Teickner, Henning and Knorr, Klaus-Holger},
  year = {2025},
  month = jan,
  doi = {10.5281/ZENODO.14724314},
  urldate = {2025-01-23},
  copyright = {GNU General Public License v3.0 or later},
  howpublished = {Zenodo},
  langid = {english}
}

@article{theCIDETWorkingGroup.2017,
  title = {Can Short-Term Litter-Bag Measurements Predict Long-Term Decomposition in Northern Forests?},
  author = {{the CIDET Working Group} and Moore, Tim R. and Trofymow, J. A. and Prescott, C. E. and Titus, B. D.},
  year = {2017},
  month = jul,
  journal = {Plant and Soil},
  volume = {416},
  number = {1-2},
  pages = {419--426},
  issn = {0032-079X, 1573-5036},
  doi = {10.1007/s11104-017-3228-7},
  urldate = {2024-01-06},
  langid = {english}
}

@article{Thormann.1999,
  title = {Aboveground Peat and Carbon Accumulation Potentials along a Bog-Fen-Marsh Wetland Gradient in Southern Boreal {{Alberta}}, {{Canada}}},
  author = {Thormann, Markus N. and Szumigalski, Anthony R. and Bayley, Suzanne E.},
  year = {1999},
  month = jun,
  journal = {Wetlands},
  volume = {19},
  number = {2},
  pages = {305--317},
  issn = {1943-6246},
  doi = {10.1007/BF03161761}
}

@article{Thormann.1999a,
  title = {The Mycorrhizal Status of the Dominant Vegetation along a Peatland Gradient in Southern Boreal {{Alberta}}, {{Canada}}},
  author = {Thormann, Markus N. and Currah, Randolph S. and Bayley, Suzanne E.},
  year = {1999},
  month = jun,
  journal = {Wetlands},
  volume = {19},
  number = {2},
  pages = {438--450},
  issn = {1943-6246},
  doi = {10.1007/BF03161775}
}

@article{Thormann.2001,
  title = {Comparison of Decomposition of Belowground and Aboveground Plant Litters in Peatlands of Boreal {{Alberta}}, {{Canada}}},
  author = {Thormann, Markus N and Bayley, Suzanne E and Currah, Randolph S},
  year = {2001},
  month = jan,
  journal = {Canadian Journal of Botany},
  volume = {79},
  number = {1},
  pages = {9--22},
  publisher = {NRC Research Press},
  issn = {0008-4026},
  doi = {10.1139/b00-138},
  urldate = {2023-01-04}
}

@article{Thormann.2002,
  title = {The Relative Ability of Fungi from {{{\emph{Sphagnum}}}}{\emph{ Fuscum}} to Decompose Selected Carbon Substrates},
  author = {Thormann, Markus N and Currah, Randolph S and Bayley, Suzanne E},
  year = {2002},
  month = mar,
  journal = {Canadian Journal of Microbiology},
  volume = {48},
  number = {3},
  pages = {204--211},
  publisher = {NRC Research Press},
  issn = {0008-4166},
  doi = {10.1139/w02-010},
  urldate = {2023-01-03}
}

@article{Thormann.2004,
  title = {Microcosm Tests of the Effects of Temperature and Microbial Species Number on the Decomposition of {{{\emph{Carex}}}}{\emph{ Aquatilis}} and {{{\emph{Sphagnum}}}}{\emph{ Fuscum}} Litter from Southern Boreal Peatlands},
  author = {Thormann, Markus N and Bayley, Suzanne E and Currah, Randolph S},
  year = {2004},
  month = oct,
  journal = {Canadian Journal of Microbiology},
  volume = {50},
  number = {10},
  pages = {793--802},
  issn = {0008-4166, 1480-3275},
  doi = {10.1139/w04-064},
  urldate = {2021-04-22},
  langid = {english}
}

@article{Titus.1984,
  title = {Carbon Balance for Two {{{\emph{Sphagnum}}}} Mosses: Water Balance Resolves a Physiological Paradox},
  shorttitle = {Carbon {{Balance}} for {{Two Sphagnum Mosses}}},
  author = {Titus, John E. and Wagner, Daniel J.},
  year = {1984},
  month = dec,
  journal = {Ecology},
  volume = {65},
  number = {6},
  pages = {1765--1774},
  issn = {00129658},
  doi = {10.2307/1937772},
  urldate = {2023-10-04},
  langid = {english}
}

@article{Tolvanen.2020,
  title = {Soil and Water Nutrients in Stem-only and Whole-tree Harvest Treatments in Restored Boreal Peatlands},
  author = {Tolvanen, Anne and Tarvainen, Oili and Laine, Anna M.},
  year = {2020},
  month = nov,
  journal = {Restoration Ecology},
  volume = {28},
  number = {6},
  pages = {1357--1364},
  issn = {1061-2971, 1526-100X},
  doi = {10.1111/rec.13261},
  urldate = {2023-01-13},
  langid = {english}
}

@article{Treat.2021,
  title = {Predicted Vulnerability of Carbon in Permafrost Peatlands with Future Climate Change and Permafrost Thaw in Western {{Canada}}},
  author = {Treat, Claire C. and Jones, Miriam C. and Alder, Jay and Sannel, A. Britta K. and Camill, Philip and Frolking, Steve},
  year = {2021},
  month = may,
  journal = {Journal of Geophysical Research: Biogeosciences},
  volume = {126},
  number = {5},
  pages = {e2020JG005872},
  issn = {2169-8953, 2169-8961},
  doi = {10.1029/2020JG005872},
  urldate = {2024-03-04},
  langid = {english}
}

@article{Treat.2022,
  title = {Hydrologic Controls on Peat Permafrost and Carbon Processes: {{New}} Insights from Past and Future Modeling},
  shorttitle = {Hydrologic {{Controls}} on {{Peat Permafrost}} and {{Carbon Processes}}},
  author = {Treat, Claire C. and Jones, Miriam C. and Alder, Jay and Frolking, Steve},
  year = {2022},
  month = may,
  journal = {Frontiers in Environmental Science},
  volume = {10},
  pages = {892925},
  issn = {2296-665X},
  doi = {10.3389/fenvs.2022.892925},
  urldate = {2022-06-03},
  langid = {english}
}

@article{Trinder.2008,
  title = {Interactions among Fungal Community Structure, Litter Decomposition and Depth of Water Table in a Cutover Peatland},
  author = {Trinder, Clare J. and Johnson, David and Artz, Rebekka R.E.},
  year = {2008},
  month = jun,
  journal = {FEMS Microbiology Ecology},
  volume = {64},
  number = {3},
  pages = {433--448},
  issn = {0168-6496},
  doi = {10.1111/j.1574-6941.2008.00487.x},
  urldate = {2023-01-06}
}

@article{Trinder.2008a,
  title = {Temporal Patterns of Litter Production by Vascular Plants and Its Decomposition Rate in Cut-over Peatlands},
  author = {Trinder, Clare J. and Artz, Rebekka R. E. and Johnson, David},
  year = {2008},
  month = mar,
  journal = {Wetlands},
  volume = {28},
  number = {1},
  pages = {245--250},
  issn = {1943-6246},
  doi = {10.1672/07-126.1}
}

@article{Trinder.2009,
  title = {Litter Type, but Not Plant Cover, Regulates Initial Litter Decomposition and Fungal Community Structure in a Recolonising Cutover Peatland},
  author = {Trinder, Clare J. and Johnson, David and Artz, Rebekka R.E.},
  year = {2009},
  month = mar,
  journal = {Soil Biology and Biochemistry},
  volume = {41},
  number = {3},
  pages = {651--655},
  issn = {0038-0717},
  doi = {10.1016/j.soilbio.2008.12.006}
}

@article{Trites.2009,
  title = {Organic Matter Accumulation in Western Boreal Saline Wetlands: {{A}} Comparison of Undisturbed and Oil Sands Wetlands},
  shorttitle = {Organic Matter Accumulation in Western Boreal Saline Wetlands},
  author = {Trites, Marsha and Bayley, Suzanne E.},
  year = {2009},
  month = dec,
  journal = {Ecological Engineering},
  volume = {35},
  number = {12},
  pages = {1734--1742},
  issn = {09258574},
  doi = {10.1016/j.ecoleng.2009.07.011},
  urldate = {2023-01-10},
  langid = {english}
}

@article{Tuittila.2013,
  title = {Wetland Chronosequence as a Model of Peatland Development: {{Vegetation}} Succession, Peat and Carbon Accumulation},
  shorttitle = {Wetland Chronosequence as a Model of Peatland Development},
  author = {Tuittila, Eeva-Stiina and Juutinen, Sari and Frolking, Steve and V{\"a}liranta, Minna and Laine, Anna M and Miettinen, Antti and Sev{\"a}kivi, Marja-Liisa and Quillet, Anne and Meril{\"a}, P{\"a}ivi},
  year = {2013},
  month = jan,
  journal = {The Holocene},
  volume = {23},
  number = {1},
  pages = {25--35},
  issn = {0959-6836, 1477-0911},
  doi = {10.1177/0959683612450197},
  urldate = {2024-01-17},
  langid = {english}
}

@article{Turetsky.2008,
  title = {Trade-Offs in Resource Allocation among Moss Species Control Decomposition in Boreal Peatlands},
  author = {Turetsky, Merritt R. and Crow, Susan E. and Evans, Robert J. and Vitt, Dale H. and Wieder, R. Kelman},
  year = {2008},
  month = nov,
  journal = {Journal of Ecology},
  volume = {96},
  number = {6},
  pages = {1297--1305},
  issn = {00220477, 13652745},
  doi = {10.1111/j.1365-2745.2008.01438.x},
  urldate = {2021-06-02},
  langid = {english}
}

@article{Urban.1990,
  title = {Mobility and Diagenesis of {{Pb}} and {\textsuperscript{210}}{{Pb}} in Peat},
  author = {Urban, N.R and Eisenreich, S.J and Grigal, D.F and Schurr, K.T},
  year = {1990},
  month = dec,
  journal = {Geochimica et Cosmochimica Acta},
  volume = {54},
  number = {12},
  pages = {3329--3346},
  issn = {00167037},
  doi = {10.1016/0016-7037(90)90288-V},
  urldate = {2024-06-22},
  copyright = {https://www.elsevier.com/tdm/userlicense/1.0/},
  langid = {english}
}

@article{Valiranta.2007,
  title = {High-Resolution Reconstruction of Wetness Dynamics in a Southern Boreal Raised Bog, {{Finland}}, during the Late {{Holocene}}: A Quantitative Approach},
  shorttitle = {High-Resolution Reconstruction of Wetness Dynamics in a Southern Boreal Raised Bog, {{Finland}}, during the Late {{Holocene}}},
  author = {V{\"a}liranta, Minna and Korhola, Atte and Sepp{\"a}, Heikki and Tuittila, Eeva-Stiina and {Sarmaja-Korjonen}, Kaarina and Laine, Jukka and Alm, Jukka},
  year = {2007},
  month = dec,
  journal = {The Holocene},
  volume = {17},
  number = {8},
  pages = {1093--1107},
  issn = {0959-6836, 1477-0911},
  doi = {10.1177/0959683607082550},
  urldate = {2025-01-15},
  copyright = {https://journals.sagepub.com/page/policies/text-and-data-mining-license},
  langid = {english}
}

@article{VanBellen.2013,
  title = {Poor Fen Succession over Ombrotrophic Peat Related to Late {{Holocene}} Increased Surface Wetness in Subarctic {{Quebec}}, {{Canada}}},
  author = {Van Bellen, Simon and Garneau, Michelle and Ali, Adam A. and Lamarre, Alexandre and Robert, {\'E}lisabeth C. and Magnan, Gabriel and Asnong, Hans and Pratte, Steve},
  year = {2013},
  month = nov,
  journal = {Journal of Quaternary Science},
  volume = {28},
  number = {8},
  pages = {748--760},
  issn = {0267-8179, 1099-1417},
  doi = {10.1002/jqs.2670},
  urldate = {2024-10-22},
  langid = {english}
}

@article{vanBreemen.1995,
  title = {How {{{\emph{Sphagnum}}}} Bogs down Other Plants},
  author = {{van Breemen}, Nico},
  year = {1995},
  pages = {6},
  langid = {english}
}

@article{VanGaalen.2007,
  title = {Photosynthesis, Chlorophyll Fluorescence and Spectral Reflectance in {{{\emph{Sphagnum}}}} Moss at Varying Water Contents},
  author = {Van Gaalen, K. Eric and Flanagan, Lawrence B. and Peddle, Derek R.},
  year = {2007},
  month = aug,
  journal = {Oecologia},
  volume = {153},
  number = {1},
  pages = {19--28},
  issn = {0029-8549, 1432-1939},
  doi = {10.1007/s00442-007-0718-y},
  urldate = {2023-10-10},
  langid = {english}
}

@article{Vehtari.2021,
  title = {Rank-{{Normalization}}, {{Folding}}, and {{Localization}}: {{An Improved R{\textasciicircum}}} for {{Assessing Convergence}} of {{MCMC}} (with {{Discussion}})},
  shorttitle = {Rank-{{Normalization}}, {{Folding}}, and {{Localization}}},
  author = {Vehtari, Aki and Gelman, Andrew and Simpson, Daniel and Carpenter, Bob and B{\"u}rkner, Paul-Christian},
  year = {2021},
  month = jun,
  journal = {Bayesian Analysis},
  volume = {16},
  number = {2},
  issn = {1936-0975},
  doi = {10.1214/20-BA1221},
  urldate = {2024-01-31}
}

@article{Verhoeven.1992,
  title = {{\emph{Carex}} Litter Decomposition and Nutrient Release in Mires with Different Water Chemistry},
  author = {Verhoeven, J.T.A. and Arts, H.H.M.},
  year = {1992},
  month = nov,
  journal = {Aquatic Botany},
  volume = {43},
  number = {4},
  pages = {365--377},
  issn = {03043770},
  doi = {10.1016/0304-3770(92)90048-N},
  urldate = {2021-04-30},
  langid = {english}
}

@article{Vitt.1990,
  title = {Growth and Production Dynamics of Boreal Mosses over Climatic, Chemical and Topographic Gradients},
  author = {Vitt, Dale H.},
  year = {1990},
  month = sep,
  journal = {Botanical Journal of the Linnean Society},
  volume = {104},
  number = {1-3},
  pages = {35--59},
  issn = {0024-4074},
  doi = {10.1111/j.1095-8339.1990.tb02210.x},
  urldate = {2022-12-20}
}

@article{Vitt.2009,
  title = {Decomposition and Peat Accumulation in Rich Fens of Boreal {{Alberta}}, {{Canada}}},
  author = {Vitt, Dale H. and Wieder, R. Kelman and Scott, Kimberli D. and Faller, Susan},
  year = {2009},
  month = apr,
  journal = {Ecosystems},
  volume = {12},
  number = {3},
  pages = {360--373},
  issn = {1435-0629},
  doi = {10.1007/s10021-009-9228-6}
}

@article{vonScheffer.2023,
  title = {Mineral Dust and Lead Deposition from Land Use and Metallurgy in a 4800-Year-Old Peat Record from the {{Central Alps}} ({{Tyrol}}, {{Austria}})},
  author = {{von Scheffer}, Clemens and De Vleeschouwer, Fran{\c c}ois and Le Roux, Ga{\"e}l and Unkel, Ingmar},
  year = {2023},
  month = apr,
  journal = {Quaternary International},
  pages = {S1040618223001027},
  issn = {10406182},
  doi = {10.1016/j.quaint.2023.03.018},
  urldate = {2023-04-18},
  langid = {english}
}

@article{Waddington.2003,
  title = {{\emph{Sphagnum}} Production and Decomposition in a Restored Cutover Peatland},
  author = {Waddington, J.M. and Rochefort, L. and Campeau, S.},
  year = {2003},
  month = feb,
  journal = {Wetlands Ecology and Management},
  volume = {11},
  number = {1},
  pages = {85--95},
  issn = {1572-9834},
  doi = {10.1023/A:1022009621693}
}

@article{Walker.2017,
  title = {Biophysical Drivers of Seasonal Variability in {{{\emph{Sphagnum}}}} Gross Primary Production in a Northern Temperate Bog},
  author = {Walker, Anthony P. and Carter, Kelsey R. and Gu, Lianhong and Hanson, Paul J. and Malhotra, Avni and Norby, Richard J. and Sebestyen, Stephen D. and Wullschleger, Stan D. and Weston, David J.},
  year = {2017},
  month = may,
  journal = {Journal of Geophysical Research: Biogeosciences},
  volume = {122},
  number = {5},
  pages = {1078--1097},
  issn = {2169-8953, 2169-8961},
  doi = {10.1002/2016JG003711},
  urldate = {2023-10-03},
  langid = {english}
}

@article{Walpen.2018,
  title = {Oxidation of Reduced Peat Particulate Organic Matter by Dissolved Oxygen: {{Quantification}} of Apparent Rate Constants in the Field},
  shorttitle = {Oxidation of {{Reduced Peat Particulate Organic Matter}} by {{Dissolved Oxygen}}},
  author = {Walpen, Nicolas and Lau, Maximilian P. and Fiskal, Annika and Getzinger, Gordon J. and Meyer, Stefan A. and Nelson, Taylor F. and Lever, Mark A. and Schroth, Martin H. and Sander, Michael},
  year = {2018},
  month = oct,
  journal = {Environmental Science \& Technology},
  volume = {52},
  number = {19},
  pages = {11151--11160},
  issn = {0013-936X, 1520-5851},
  doi = {10.1021/acs.est.8b03419},
  urldate = {2021-08-03},
  langid = {english}
}

@article{Ward.2015,
  title = {Vegetation Exerts a Greater Control on Litter Decomposition than Climate Warming in Peatlands},
  author = {Ward, Susan E. and Orwin, Kate H. and Ostle, Nicholas J. and Briones, Maria J. I. and Thomson, Bruce C. and Griffiths, Robert I. and Oakley, Simon and Quirk, Helen and Bardgett, Richard D.},
  year = {2015},
  month = jan,
  journal = {Ecology},
  volume = {96},
  number = {1},
  pages = {113--123},
  issn = {0012-9658, 1939-9170},
  doi = {10.1890/14-0292.1},
  urldate = {2023-01-13},
  langid = {english}
}

@article{Ward.2016,
  title = {Vegetation Exerts a Greater Control on Litter Decomposition than Climate Warming in Peatlands},
  author = {Ward, Susan E. and Orwin, Kate H. and Ostle, Nicholas J. and Briones, Maria J. I. and Thomson, Bruce C. and Griffiths, Robert I. and Oakley, Simon and Quirk, Helen and Bardgett, Richard D.},
  year = {2016},
  publisher = {Figshare},
  doi = {10.6084/M9.FIGSHARE.C.3307338.V1},
  urldate = {2023-01-13},
  copyright = {CC-BY}
}

@article{Weston.2015,
  title = {{\emph{Sphagnum}} Physiology in the Context of Changing Climate: Emergent Influences of Genomics, Modelling and Host--Microbiome Interactions on Understanding Ecosystem Function},
  author = {Weston, David J. and Timm, Collin M. and Walker, Anthony P. and Gu, Lianhong and Muchero, Wellington and Schmutz, Jeremy and Shaw, A. Jonathan and Tuskan, Gerald A. and Warren, Jeffrey M. and Wullschleger, Stan D.},
  year = {2015},
  month = sep,
  journal = {Plant, Cell \& Environment},
  volume = {38},
  number = {9},
  pages = {1737--1751},
  issn = {0140-7791, 1365-3040},
  doi = {10.1111/pce.12458},
  urldate = {2024-10-22},
  copyright = {http://creativecommons.org/licenses/by-nc/4.0/},
  langid = {english}
}

@book{Wickham.2016,
  title = {{{ggplot2}}: {{Elegant}} Graphics for Data Analysis},
  shorttitle = {Ggplot2},
  author = {Wickham, Hadley},
  year = {2016},
  series = {Use {{R}}!},
  edition = {2nd ed. 2016},
  publisher = {Springer International Publishing : Imprint: Springer},
  address = {Cham},
  doi = {10.1007/978-3-319-24277-4},
  isbn = {978-3-319-24277-4},
  lccn = {519.5}
}

@article{Wickham.2019,
  title = {Welcome to the {{Tidyverse}}},
  author = {Wickham, Hadley and Averick, Mara and Bryan, Jennifer and Chang, Winston and McGowan, Lucy and Fran{\c c}ois, Romain and Grolemund, Garrett and Hayes, Alex and Henry, Lionel and Hester, Jim and Kuhn, Max and Pedersen, Thomas and Miller, Evan and Bache, Stephan and M{\"u}ller, Kirill and Ooms, Jeroen and Robinson, David and Seidel, Dana and Spinu, Vitalie and Takahashi, Kohske and Vaughan, Davis and Wilke, Claus and Woo, Kara and Yutani, Hiroaki},
  year = {2019},
  month = nov,
  journal = {Journal of Open Source Software},
  volume = {4},
  number = {43},
  pages = {1686},
  issn = {2475-9066},
  doi = {10.21105/joss.01686},
  urldate = {2024-01-18}
}

@misc{Wickham.2022b,
  title = {{{dplyr}}: {{A}} Grammar of Data Manipulation},
  author = {Wickham, Hadley and Fran{\c c}ois, Romain and Henry, Lionel and M{\"u}ller, Kirill},
  year = {2022}
}

@article{Wieder.2001,
  title = {Past, Present, and Future Peatland Carbon Balance: {{An}} Empirical Model Based on {\textsuperscript{210}} {{Pb-dated}} Cores},
  shorttitle = {{{PAST}}, {{PRESENT}}, {{AND FUTURE PEATLAND CARBON BALANCE}}},
  author = {Wieder, R. Kelman},
  year = {2001},
  month = apr,
  journal = {Ecological Applications},
  volume = {11},
  number = {2},
  pages = {327--342},
  issn = {1051-0761},
  doi = {10.1890/1051-0761(2001)011[0327:PPAFPC]2.0.CO;2},
  urldate = {2024-03-12},
  langid = {english}
}

@misc{Xu.2017,
  title = {{{PEATMAP}}: {{Refining}} Estimates of Global Peatland Distribution Based on a Meta-Analysis.},
  shorttitle = {{{PEATMAP}}},
  author = {Xu, Jiren and Morris, Paul and Liu, Junguo and Holden, Joseph},
  year = {2017},
  pages = {366 MB},
  publisher = {University of Leeds},
  doi = {10.5518/252},
  urldate = {2025-01-11},
  copyright = {Creative Commons Attribution 4.0 International (CC BY 4.0)},
  langid = {english}
}

@article{Xu.2018,
  title = {{{PEATMAP}}: {{Refining}} Estimates of Global Peatland Distribution Based on a Meta-Analysis},
  shorttitle = {{{PEATMAP}}},
  author = {Xu, Jiren and Morris, Paul J. and Liu, Junguo and Holden, Joseph},
  year = {2018},
  month = jan,
  journal = {CATENA},
  volume = {160},
  pages = {134--140},
  issn = {03418162},
  doi = {10.1016/j.catena.2017.09.010},
  urldate = {2025-01-11},
  langid = {english}
}

@article{Yang.2022,
  title = {Plant Assemblages-Based Quantitative Reconstruction of Past Mire Surface Wetness: {{A}} Case Study in the {{Changbai Mountains}} Region, {{Northeast China}}},
  author = {Yang, Qiannan and Li, Hongkai and Zhao, Hongyan and Chambers, Frank M. and Bu, Zhaojun and Bai, Edith and Xu, Guangyuan},
  year = {2022},
  journal = {CATENA},
  volume = {216},
  pages = {106412},
  issn = {0341-8162},
  doi = {10.1016/j.catena.2022.106412}
}

@article{Yavitt.2019,
  title = {Inferring Methane Production by Decomposing Tree, Shrub, and Grass Leaf Litter in Bog and Rich Fen Peatlands},
  author = {Yavitt, Joseph B. and Kryczka, Anna K. and Huber, Molly E. and Pipes, Gwendolyn T. and Rodriguez, Alex M.},
  year = {2019},
  month = nov,
  journal = {Frontiers in Environmental Science},
  volume = {7},
  pages = {182},
  issn = {2296-665X},
  doi = {10.3389/fenvs.2019.00182},
  urldate = {2023-01-13}
}

@article{Yu.2001,
  title = {Modelling Long-Term Peatland Dynamics. {{II}}. {{Processes}} and Rates as Inferred from Litter and Peat-Core Data},
  author = {Yu, Zicheng and Turetsky, M.R and Campbell, I.D and Vitt, D.H},
  year = {2001},
  month = nov,
  journal = {Ecological Modelling},
  volume = {145},
  number = {2-3},
  pages = {159--173},
  issn = {03043800},
  doi = {10.1016/S0304-3800(01)00387-8},
  urldate = {2021-06-14},
  langid = {english}
}

@article{Yu.2012,
  title = {Northern Peatland Carbon Stocks and Dynamics: A Review},
  shorttitle = {Northern Peatland Carbon Stocks and Dynamics},
  author = {Yu, Z. C.},
  year = {2012},
  month = oct,
  journal = {Biogeosciences},
  volume = {9},
  number = {10},
  pages = {4071--4085},
  issn = {1726-4189},
  doi = {10.5194/bg-9-4071-2012},
  urldate = {2022-06-17},
  langid = {english}
}

@article{Zhang.2019,
  title = {Effects of Litter Mixtures on Aerobic Decomposition Rate and Its Temperature Sensitivity in a Boreal Peatland},
  author = {Zhang, Xinhou and Wang, Xianwei and Finnegan, Patrick M. and Tan, Wenwen and Mao, Rong},
  year = {2019},
  month = nov,
  journal = {Geoderma},
  volume = {354},
  pages = {113890},
  issn = {00167061},
  doi = {10.1016/j.geoderma.2019.113890},
  urldate = {2023-01-13},
  langid = {english}
}

@article{Zhang.2022b,
  title = {Dominant Species and Evenness Level Co-Regulate Litter Mixture Decomposition in a Boreal Peatland},
  author = {Zhang, Xinhou and Zhang, Yuanhang and Jiang, Shuangshuang and Song, Changchun and Zhang, Jinbo and Mao, Rong},
  year = {2022},
  month = may,
  journal = {Plant and Soil},
  volume = {474},
  number = {1-2},
  pages = {423--436},
  issn = {0032-079X, 1573-5036},
  doi = {10.1007/s11104-022-05346-z},
  urldate = {2023-01-13},
  langid = {english}
}

@article{Zhang.2024b,
  title = {To Better Detect Drivers of Peatland Carbon Accumulation Rates and Patterns},
  author = {Zhang, Hui and V{\"a}liranta, Minna},
  year = {2024},
  month = apr,
  journal = {Environmental Research Letters},
  volume = {19},
  number = {4},
  pages = {041004},
  issn = {1748-9326},
  doi = {10.1088/1748-9326/ad33d6},
  urldate = {2024-09-18}
}

@article{Zhao.2022,
  title = {A Model Intercomparison Analysis for Controls on {{C}} Accumulation in {{North American}} Peatlands},
  author = {Zhao, Bailu and Zhuang, Qianlai and Treat, Claire and Frolking, Steve},
  year = {2022},
  month = apr,
  journal = {Journal of Geophysical Research: Biogeosciences},
  issn = {2169-8953, 2169-8961},
  doi = {10.1029/2021JG006762},
  urldate = {2022-04-16},
  langid = {english}
}
